
@Article{eleni:n-34-88,
  author = 	 {Eleni Hadjiconstantinou and Nicos Christofides},
  title = 	 {An efficient implementation of an algorithm for finding 
                  $K$ shortest simple paths},
  journal = 	 {Networks},
  year = 	 1999,
  volume =	 34,
  number =	 2,
  pages =	 {88--101},
  month =	 {September}
}

@Article{marchetti:n-16-149,
  author = 	 {Alberto Marchetti-Spaccamela and Umberto Nanni},
  title = 	 {Fully Dynamic Algorithms for Maintaining Shortest Path Trees},
  journal = 	 {Journal of Algorithms},
  year = 	 2000,
  volume =	 34,
  pages =	 {251--281}
}


@Article{perko:n-16-149,
  author = 	 {A. Perko},
  title = 	 {Implementation of algorithms for $K$ shortest loopless paths},
  journal = 	 {Networks},
  year = 	 1986,
  volume =	 16,
  pages =	 {149--160}
}


@TechReport{martins:relatorio,
  author = 	 {Ernesto Martins and Marta Pascoal and Jos\'{e}  Santos},
  title = 	 {A New Algorithm for Ranking Loopless Paths},
  institution =  {Universidade de Coimbra},
  year = 	 1997,
  month =	 {May},
  annote =	 {Ernesto Q. Vieira Martins, Marta Margarida B. Pascoal and José Luis E. Santos}
}

@Article{martins:qjbfiors-1-121,
  author = 	 {Ernesto Martins and Marta Pascoal},
  title = 	 {A New Implementation Of {Y}en's Ranking Loopless Paths Algorithm},
  journal = 	 {4OR Quart. J. Belgian, French, Italian Oper. Res. Soc.},
  year = 	 2003,
  volume =	 1,
  number =	 2,
  pages =	 {121--134},
  annote =	 {Ernesto de Queiros Vieira Martins and Marta Margarida Braz Pascoal}}
}

@InProceedings{brander:370,
  author = 	 {A.W. Brander and Mark C. Sinclair},
  title = 	 {A Comparative Study of $k$-Shortest Path Algorithms},
  booktitle =	 {11th UK Performance Engineering Workshop for Computer and Telecommunications Systems},
  pages =	 {370-379},
  year =	 1995
}



@Article{hershberger:acmta-3-??,
  author = 	 {John Hershberger and Matthew Maxel and Subhash Suri},
  title = 	 {Finding the $k$ Shortest Simple Paths: A New Algorithm and its Implementation}, 
  journal = 	 {ACM Transactions on Algorithms },
  year = 	 2007,
  volume =	 3,
  number =	 4,
  month =	 {November},
  note =	 {19 pages}
}

@Article{katoh:n-12-411,
  author = 	 {Naoki Katoh and Toshihide Ibaraki and H. Mine},
  title = 	 {An efficient algorithm for $K$ shortest simple paths},
  journal = 	 {Networks},
  year = 	 1982,
  volume =	 12,
  number =	 4,
  pages =	 {411-427}
}

@Article{lawler:ms-18-401,
  author = 	 {Eugene L. Lawler},
  title = 	 {A procedure for computing the $k$ best solutions to discrete optimization problems and its application to the shortest path problem},
  journal = 	 {Management Science},
  year = 	 1972,
  volume =	 18,
  number =	 7,
  pages =	 {401--405}
}



@Article{nardelli:a-35-56,
  author = 	 {Enrico Nardelli and Guido Proietti and Peter Widmayer},
  title = 	 {Swapping a Falling Edge of a Single Source Shortest Paths Tree Is Good and Fast},
  journal = 	 {Algorithmica},
  year = 	 2003,
  volume =	 35,
  pages =	 {56--74}
}


@Article{eppstein:siamjc-28-652,
  author = 	 {David Eppstein},
  title = 	 {Finding the $k$ shortest paths},
  journal = 	 {SIAM Jounal on Computing},
  year = 	 1998,
  volume =	 28,
  number =	 2,
  pages =	 {652--673}
}


@Article{yen:ms-17-712,
  author = 	 {Jin Y. Yen},
  title = 	 {Finding the $k$ shortest loopless paths in a network},
  journal = 	 {Management Science},
  year = 	 1971,
  volume =	 17,
  number =	 11,
  pages =	 {712--716},
  month =	 {July}
}

@Book{cook:co-1998,
  author =	 {W.J.~Cook and W.H.~Cunningham and W.R.~Pulleyblank and A.~Schrijver},
  title = 	 {Combinatorial Otimization},
  publisher = 	 {John Wiley \& Son's},
  year = 	 1998,
  series =	 {Wiley-Interscience series in discrete mathematics and optimization},
  address =	 {New York}
}


@Book{schrijver:tilp-1986,
  author =	 {A.~Schrijver},
  title = 	 {Theory of Integer and Linear Programming},
  publisher = 	 {John Wiley \& Son's},
  year = 	 1986,
  address =	 {New York}
}

@Book{schrijver:cope-2003,
  author =	 {Alexander Schrijver},
  title = 	 {Combinatorial Optimization: Polyhedra and Efficiency},
  publisher = 	 {Springer},
  year = 	 2003,
  volume =	 24,
  series =	 {Algorithms and Combinatorics}
}


@Article{dijkstra59:note,
  author = 	 {Edsger Wybe Dijkstra},
  title = 	 {A Note on Two Problems in Connection with Graphs},
  journal= 	 {Numerische Mathematik},
  volume=        {1},
  pages=         {269--271},
  year = 	 {1959}
}

@Article{thorup:sssp-1999,
  author = 	 {Mikkel Thorup},
  title = 	 {Undirect Single Source Shortest Paths with Positive Integer Weights
                   in Linear Time},
  volume=        {46},
  pages=         {362--394},
  journal = 	 {Journal of the ACM},
  year = 	 {1999}
}

@Article{FredTarjan:Fibonacci,
  author = 	 {Michael L. Fredman and Robert Endre Tarjan},
  title = 	 {Fibonacci heap and their uses in improved network optimization algorithms},
  volume=        {34},
  pages=         {596--615},
  journal = 	 {Journal of the ACM},
  year = 	 {1987}
}

@Article{ahuja:radixheap,
  author = 	 {R.K.~Ahuja and K.~Mehlhorn and J.B.~Orlin and R.E.~Tarjan},
  title = 	 {Faster Algorithms for the Shortest Path Problem},
  volume=        {37},
  pages=         {213--223},
  journal = 	 {Journal of the ACM},
  year = 	 {1990}
}


@InCollection{ahuja:applications,
  author = 	 {R.K.~Ahuja and  T.L.~Magnanti and J.~Orlin and M.R.~Reddy},
  title = 	 {Applications of network optimization},
  booktitle = 	 {Handbook in Operations Research and Management
                              Sciences},
  pages =	 {1--83},
  publisher =	 {North-Holland},
  year =	 {1995},
  editor =	 {M.O.~Ball and T.L.~Magnanti and C.L.~Monma},
  volume =	 {7},
  Address =	 {Amsterdam,}
}

@article{boris:buckets,
  author = 	 {B.V.~Cherkassky and A.V.~Goldberg and C.~Silverstein},
  title = 	 {Buckets, Heaps, Lists and Monotone Priority Queues},
  volume=        28,
  pages=         {1326--1346},
  journal = 	 {SIAM J. Comput.},
  year = 	 1999
}


@Book{tarjan:data,
  author =	 {Robert Endre Tarjan},
  title = 	 {Data structures and network algorithms},
  publisher = 	 {SIAM},
  year = 	 1983,
  series =	 {BMS-NSF Regional Conference Series in Applied Mathematics},
  address =	 {Philadelphia, PA}
}


@Book{clr:introalg-1999,
  author =	 {T.H.~Cormen and C.E.~Leiserson and R.L.~Rivest},
  title = 	 {Introduction to Algorithms},
  publisher = 	 {McGraw-Hill},
  year = 	 {1999}
}


@Book{clrs:introalg-2001,
  author =	 {T.H.~Cormen and C.E.~Leiserson and R.L.~Rivest and C.~Stein},
  title = 	 {Introduction to Algorithms},
  publisher = 	 {The MIT Press and McGraw-Hill},
  year = 	 {2001},
  edition =	 {2nd.}
}

@Book{ahuja:netflows,
  author =	 {R.K.~Ahuja and T.L.~Magnanti and J.~Orlin},
  title = 	 {Network Flows: Theory, Algorithms, and Applications},
  publisher = 	 {Practice Hall},
  year =         {1993}
}

@Book{pf:proglin,
  author =	 {Paulo Feofiloff},
  title = 	 {Algoritmos de Programação Linear},
  publisher = 	 {EDUSP},
  year =         {2000}
}


@Book{knuth:literate,
  author =	 {D.E.~Knuth},
  editor =	 {Cambridge University},
  title = 	 {Literate Programming},
  publisher = 	 {Center for the study of Language and Information {(CSLI)}},
  year = 	 {1992}
}

@Book{knuth:cweb,
  author =	 {D.E.~Knuth and S.~Levy},
  title = 	 {{The CWEB System of Structured Documentation}},
  publisher = 	 {Addison-Wesley},
  year = 	 {1994}
}

@InCollection{dinitz:1978,
  author = {E.A.~Dinic},
  title = {Finding Shortest Paths in a network},
  booktitle = {In Y. Popkov and B. Shmulyian Eds.},
  publisher = {Transportation Modeling Systems},
  pages = {36--44},
  address = {Institute for System Studies, Moscow},
  year = {1978}
}

@InProceedings{boris:experimental,
  author = {B.V.~Cherkassky and A.V.~Goldberg and T.~Radzik},
  title = {Shortest Paths Algorithms: Theory and Experimental Evaluation},
  booktitle = "{{SODA}: {ACM}-{SIAM} Symposium on Discrete Algorithms(A Conference on Theoretical and Experimental Analysis of Discrete Algorithms)}",
  year =         {1994},
  url = {"citeseer.nj.nec.com/cherkassky93shortest.html"}
}

@InProceedings{spira:onfinding,
  author = 	 {P.M.~Spira and A.~Pan},
  title = 	 {On finding an updating shortest paths and spanning trees},
  booktitle =	 {Proc. Symp. Switching and Automata Theory},
  pages =	 {82--84},
  year =	 1973
}

@InProceedings{thorup:ospf,
  author = "{B.~Fortz and M.~Thorup}",
  title = "{Internet Traffic Engineering by Optimizing {OSPF} Weights}",
  booktitle = "{INFOCOM (2)}",
  year = "{2000}",
  pages = "{519--528}",
  url = {"citeseer.nj.nec.com/fortz00internet.html"}
}

@InProceedings{rahman:experimental,
  author = {N.~Rahman and R.~Raman},
  title = {An experimental study of word-level parallelism in some
sorting algorithms},
  booktitle = {Proceedings WAE},
  year = {1998},
  pages = {193--203},
  url = {"citeseer.nj.nec.com/rahman98experimental.html"}
}

@InProccedings{petti2001:computing,
  author = {S.~Pettie and V.~Ramachandran},
  title = {Computing Undirected Shortest Paths with Comparations and
             Additions},
  booktitle = "{Proceedings of the 13th Annual {ACM-SIAM} Symposium on Discrete Algorithms (SODA'02) }",
  publisher = {SIAM},
  pages = {??--??},
  year =  {2002}
}
 
@manual{cisco:ospf,
 author ={S.~Halabi},
 title= {{OSPF} Design Guide},
 month ={April},
 year = {1996},
 note = {\\ \texttt{http://www.cisco.com/warp/public/104/1.html}}
}

@manual{asm:language,
 author ={P.A.~Carter},
 title= {{PC} Assembly Language},
 month ={September},
 year = {2001},
 note = {\\ \texttt{http://www.drpaulcarter.com/pcasm}}
}

@manual{sun:floatingpoint,
  author = {Sun Microsystems},
  title = {{Sun Numerical Computation Guide}},
  year = {1999},
  note =  {\\ \texttt{"http://www.arlut.utexas.edu/SunCompiler/common"}}
}

@manual{asm:linux,
  title = {{Using Assembly Language in Linux}},
  note =  {\\ \texttt{"http://linuxassembly.org/linasm.html"}}
}

@manual{asm:gcc,
  author = {R.~Miyagi},
  title = {{Introduction to GCC Inline Asm}},
  note =  {\\ \texttt{"http://linuxassembly.org/rmiyagi-inline-asm.txt"}}
}

@Unpublished{pf:aula,
  author = 	 {Paulo Feofiloff},
  title = 	 {Notas de aula de {MAC5781} Otimização Combinatória},   
  note = 	 {\\ \texttt{"http://www.ime.usp.br/\~\null pf/"}},
  month =	 {},
  year =	 {1997}
} 
