%---------------------------------------------------------------------------
%	The way the labels are given, is concatenating the following strings,
%	in this order:
%
%  1)  	Surname of the first author. With the first letter in uppercase, and the
%      	following letters in lower case.
%  2)  	The initials of the surname of the others authors, in uppercase, in
%      	the order they appear in the bibliography.
%  3)   The year of publication.
%  4)   If the label is already used, put the letters a,b,c,... 
%       to distinguish them.
%
%       To update the file with new entries, write to fkm (at) ic.unicamp.br
%
%
%       ULTIMA ATUALIZACAO: 03/junho/2001 - Márcia (15 horas)
%
%
%
%  IMPORTANTE  IMPORTANTE  IMPORTANTE  IMPORTANTE  IMPORTANTE  IMPORTANTE
%
%     Peço a todos que estão referenciando as entradas abaixo que me enviem
%     comentários sobre cada uma das entradas referenciadas.
%     Você pode fazer comentários sobre os comentários. Seu nome ficará 
%     na referência para possíveis dúvidas (será retirado quando for impresso
%     a versão final).
%
%  IMPORTANTE  IMPORTANTE  IMPORTANTE  IMPORTANTE  IMPORTANTE  IMPORTANTE
%
%---------------------------------------------------------------------------

% \newcommand{\ACM}{Association for Computing Machinery}
% \newcommand{\ACM}{{ACM}}
@string{ACM = "ACM"}



%AAA
@InProceedings{AggarwalG94,
    AUTHOR = {M.\ Aggarwal and N.\ Garg},
     TITLE = {A scaling technique for better network design},
 BOOKTITLE = {Proceedings of the Fifth Annual ACM-SIAM Symposium on Discrete
              Algorithms (SODA)},
     PAGES = {233--240},
PPUBLISHER = {ACM},
  AADDRESS = {New York},
      YEAR = {1994},
}

@Article{AgrawalKR95,
   author   = {A.\ Agrawal and P.\ Klein and R.\ Ravi},
   journal  = {SIAM Journal on Computing},
   pages    = {440--456},
   title    = {When trees collide: an approximation algorithm for the 
                generalizad {S}teiner problem on networks},
   volume   = {24},
   number   = {2},
   year     = {1995}
}

@Book{AhoHU74,
  author =	 {A.V.\ Aho and J.E.\ Hopcroft and J.D.\ Ullman},
  title = 	 {The Design and Analysis of Computer Algorithms},
  publisher = 	 {Addison-Wesley},
  year = 	 1974,
  aaddress =	 {Reading, MA}
}

@Book{AhujaMO93,
  author =	 {R.K.\ Ahuja and T.L.\ Magnanti and J.B.\ Orlin},
  title = 	 {Network Flows},
  publisher = 	 {Prentice-Hall},
  year = 	 1993,
  aaddress =	 {Upper Saddle River, N.J.},
  nota =         {Texto didático e referência obrigatória para problemas de      fluxo em redes.
          O pseudocódigo de vários algoritmos contém pequenos erros. [Feofiloff]}
}

@InProceedings{Alimonti94,
   author    = {P.\ Alimonti},
   booktitle = {Proc.\ 2nd Italian Conf.\ on Algorithms and Complexity},
   number    = {778},
   pages     = {40--53},
   publisher = {Springer},
   series    = {Lecture Notes in Computer Science},
   title     = {New local search approximation techniques for maximum generalized satisfiability problems},
   year      = {1994}
}

@InProceedings{Alimonti95,
   author    = {P.\ Alimonti},
   booktitle = {Proc.\ of 21st International Workshop on Graph-Theoretic Concepts in Computer Science},
   publisher = {Springer},
   series    = {Lecture Notes in Computer Science},
   title     = {Non-Oblivious Local Search for Graph and Hypergraph Coloring Problems},
   volume    = {1017},
   year      = {1995}
}

@InProceedings{AlimontiC99,
  author = 	 {P.\ Alimonti and T.\ Calamoneri},
  title = 	 {On the complexity of the max balance problem},
  booktitle = 	 {Argentinian Workshop on Theoretical Computer Science                  (WAIT'99)},
  pages = 	 {133--138},
  year = 	 {1999},
}

@Article{Alizadeh95,
  author = 	 {F.\ Alizadeh},
  title = 	 {Interior point methods in semidefinite programming with applications to combinatorial optimization},
  journal = 	 {SIAM Journal on Optimization},
  year = 	 {1995},
  volume =	 {5},
  pages =	 {13--51},
}

@Article{AlonBI86,
    AUTHOR = {N.\ Alon and L.\ Babai and A.\ Itai},
     TITLE = {A fast and simple randomized parallel algorithm for the
              maximal independent set problem},
   JOURNAL = {Journal of Algorithms},
    VOLUME = {7},
      YEAR = {1986},
    NUMBER = {4},
     PAGES = {567--583},
}

@Article{AlonK98,
  author = 	 {N.\ Alon and N.\ Kahale},
  title = 	 {Approximating the independence number via the $\theta$-function},
  journal = 	 {Mathematical Programming},
  year = 	 {1998},
  volume =	 {80},
  pages =	 {231--237},
}

@Book{AlonS92,
  author =	 {N.\ Alon and J.\ Spencer},
  title = 	 {The Probabilistic Method},
  publisher = 	 {John Wiley},
  year = 	 {1992}
}

@Article{ApplegateBCC98,
    AUTHOR = {D.\ Applegate and R.\ Bixby and V.\ Chv{\'a}tal and W.\ Cook},
     TITLE = {On the solution of traveling salesman problems},
   volume  = {Vol.\ Extra III},   
   JOURNAL = {Documenta Mathematica},
      YEAR = {1998},
   address = {Berlin},
     PAGES = {645--656},
      note = {Proceedings of the International 
               Congress of Mathematicians. URL: \texttt{http://www.mathematik.uni-bielefeld.de/documenta}
    \texttt{/xvol-icm/17/17.html}}
}

@PhDThesis{Arora94,
   author   = {S.\ Arora},
   title    = {Probabilistic Checking of Proofs and Hardness of Approximation Problems},
   number   = {CS-TR-476-94},
   school   = {Princeton University},
   department = {Department of Computer Science},
   type     = {Ph{D} {T}hesis},
   year     = {1994},
   mmonth   = {August}
}

@InProceedings{Arora95,
  author = 	 {S.\ Arora},
  title = 	 {Reductions, codes, {PCP}s, and inapproximability},
  booktitle = 	 {Proceedings of the 36th Annual Symposium on Foundations of Computer Science (FOCS)}, 
  year =	 1995,
  pages =        {404--413}
}

@InProceedings{Arora96,
  author = 	 {S.\ Arora},
  title = 	 {Polynomial time approximation scheme for {E}uclidean {TSP} and other geometric problems},
  booktitle = 	 {Proceedings of the 37th Annual Symposium on Foundations of Computer Science (FOCS)},
  year = 	 {1996},
  nota = 	 {To appear in Journal of the ACM},

}

@Article {Arora98,
    AUTHOR = {S.\ Arora},
     TITLE = {Polynomial time approximation schemes for {E}uclidean
              traveling salesman and other geometric problems},
   JOURNAL = {Journal of the ACM},
    VOLUME = {45},
      YEAR = {1998},
    NUMBER = {5},
     PAGES = {753--782},
}

@InProceedings{AroraFK96,
  author = 	 {S.\ Arora and A.\ Frieze and H.\ Kaplan},
  title = 	 {A new rounding procedure for the assignment problem with applications to dense graph arrangement problems},
  booktitle = 	 {Proceedings of the 37th Annual Symposium on Foundations of Computer Science (FOCS)},
  pages = 	 {24--33},
  year = 	 {1996},
}

@InProceedings{AroraGKKW98,
    author    = {S.\ Arora and M.\ Grigni and D.R.\ Karger and P.N.\ Klein 
                 and A.\ Woloszyn},
    title     = {A Polynomial-Time Approximation Scheme for Weighted 
                           Planar Graph {\SC{TSP}}},
    booktitle = {Proceedings of the Nineth ACM-SIAM Symposium on 
                  Discrete Algorithms (SODA)},
    pages     = {33--41},
    year      = {1998},
    url       = {citeseer.nj.nec.com/article/arora98polynomialtime.html}
}

@InProceedings{AroraKK95,
  author = 	 {S.\ Arora and D.\ Karger and M.\ Karpinski},
  title = 	 {Polynomial time approximation schemes for dense instances},
  booktitle = 	 {Proceedings of the 27th Annual ACM Symposium on Theory of Computing (STOC)},
  year =	 1995,
  pages =	 {284--293}
}

@InBook{AroraL97,
  author = 	 {S.\ Arora and C.\ Lund},
  title = 	 {Hardness of Approximations},
  crossref =	 {Hochbaum97},
  type =	 {Chapter},
  chapter =	 {10}
}

@InProceedings{AroraLMSS92,
   author    = {S.\ Arora and C.\ Lund and R.\ Motwani and M.\ Sudan and M.\ Szegedy},
   booktitle = {Proceedings of the 33rd Annual Symposium on Foundations of Computer Science (FOCS)},
   title     = {{P}roof verification and intractability of approximation problems},
   year      = {1992},
   pages     = {24--27}
}

@InProceedings{Asano97,
  author = 	 {T.\ Asano},
  title = 	 {Approximation algorithms for {\SC{MAX SAT}}: {Y}annakakis vs.\ {G}oemans-{W}illiamson},
  booktitle = 	 {Proceedings of the Fifth Israel Symposium on the Theory of Computing Systems (ISTCS)},
  pages = 	 {24--37},
  year = 	 {1997},
}

@InProceedings{AsanoW00,
  author = 	 {T.\ Asano and D.P.\ Williamson},
  title = 	 {Improved approximation algorithms for {MAX SAT}}, 
  booktitle = 	 {Proceedings of the Eleventh ACM-SIAM Symposium on Discrete Algorithms (SODA)},
  year =	 2000,
  pages =	 {96--115},
}

@Article{AumannR98,
    AUTHOR = {Y.\ Aumann and Y.\ Rabani},
     TITLE = {An ${O}(\log k)$ approximate min-cut max-flow theorem and
              approximation algorithm},
   JOURNAL = {SIAM Journal on Computing},
    VOLUME = {27},
      YEAR = {1998},
    NUMBER = {1},
     PAGES = {291--301},
 }

@Book{AusielloCGKMP99,
  author = 	 {G.\ Ausiello and P.\ Crescenzi and G.\ Gambosi and V.\ Kann and A.\ Marchetti-Spaccamela and M.\ Protasi},
  title = 	 {Complexity and Approximation: Combinatorial Optimization Problems and Their Approximability Properties},
  publisher = 	 {Springer},
  year = 	 {1999},
}

@Article{AusielloCP95,
   author    = {G.\ Ausiello and P.\ Crescenzi and M.\ Protasi},
   title     = {Approximate Solution of {NP} Optimization Problems},
   journal   = {Theoretical Computer Science},
   volume    = {150},
   number    = {1},
   pages     = {1--55},
   year      = {1995}
}

@Article{AusielloDP80,
   author   = {G.\ Ausiello and A.\ {D}'{A}tri and M.\ Protasi},
   journal  = {Journal of Computer and System Sciences},
   pages    = {136--153},
   title    = {Structure preserving reductions among convex optimization problems},
   volume   = {21},
   year     = {1980}
}

@Article{AusielloMP80,
   author   = {G.\ Ausiello and A.\ Marchetti-Spaccamela and M.\ Protasi},
   journal  = {Theoretical Computer Science},
   pages    = {83--96},
   title    = {Toward a unified approach for the classification of {NP}-complete optimization problems},
   volume   = {12},
   year     = {1980}
}

@Article{AusielloP95,
   author   = {G.\ Ausiello and M.\ Protasi},
   journal  = {Information Processing Letters},
   pages    = {73--79},
   title    = {Local search, reducibility and approximability of {NP}-optimization problems},
   volume   = {54},
   year     = {1995}
}

@InProceedings{AusielloP95a,
   author    = {G.\ Ausiello and M.\ Protasi},
   booktitle = {Proc.\ of the Seventh Quadr.\ Int.\ Conf.\ on the Theory and Applications of Graphs},
   editor    = {Y.\ Alavi and A.\ Schwenk},
   pages     = {957--975},
   publisher = {Wiley and Sons},
   title     = {{NP}-optimization problems and local optima, graph theory, combinatorics and applications},
   volume    = {2},
   year      = {1995}
}


%BBB

@InProceedings{Babai94,
   author    = {L.\ Babai},
   booktitle = {Proc.\ First European Congress of Mathematicians},
   publisher = {Birkh\"{a}user},
   title     = {Transparent proofs and limits to approximation},
   year      = {1994}
}

@Article{Bar-IlanKP93,
   author    = {J.\ Bar-Ilan and G.\ Kortsarz and D.\ Peleg},
   journal   = {Journal of Algorithms},
   pages     = {385--415},
   title     = {How to allocate network centers},
   volume    = {15},
   year = {1993}
}

@Article{Bar-YehudaE81,
  author     = {R.\ Bar-Yehuda and S.\ Even},
  title      = {A linear time approximation algorithm for the weighted
                  vertex cover problem},
  journal    = {Journal of Algorithms},
  year       = 1981,
  volume     = 2,
  pages      = {198--203}
}

@Article{Beasley90,
  author = 	 {J.E. Beasley},
  title = 	 {{OR}-Library: distributing test problems by electronic mail},
  journal = 	 {Journal of the Operational Research Society},
  year = 	 1990,
  volume = 	 41,
  number = 	 11,
  pages = 	 {1069--1072},
  note = 	 {http://mscmga.ms.ic.ac.uk/info.html}
}

@Article{BellareGS98,
  author     = {M.\ Bellare and O.\ Goldreich and M.\ Sudan},
  title      = {Free bits, {PCP}s and non-approximability-towards tight results},
  journal    = {SIAM Journal on Computing},
  year       = {1998},
  volume     = {27},
  pages      = {804--915},
}

@InProceedings{BellareS94,
   author    = {M.\ Bellare and M.\ Sudan},
   booktitle = {Proceedings of the 26th Annual ACM Symposium on Theory of Computing (STOC)},
   pages     = {184--193},
   title     = {Improved non-approximability results},
   year      = {1994}
}

@Article{BermanR94,
  author = 	 {P.\ Berman and V.\ Ramaiyer},
  title = 	 {Improved approximations for the {S}teiner tree problem},
  journal = 	 {Journal of Algorithms},
  year = 	 {1994},
  volume =	 {17},
  pages =	 {381--408}
}

@InProceedings{BermanS89,
   author    = {P.\ Berman and G.\ Schnitger},
   booktitle = {Proceedings 6th Annual Symposium on Theoretical Aspects of Computer Science},
   number    = {349},
   pages     = {256--268},
   publisher = {Springer},
   series    = {Lecture Notes in Computer Science},
   title     = {On the complexity of approximating the independent set problem},
   year      = {1989}
}

@Article{BernP89,
  author = 	 {M.\ Bern and P.\ Plassmann},
  title = 	 {The {S}teiner problem with edge lengths 1 and 2},
  journal = 	 {Information Processing Letters},
  year = 	 {1989},
  volume = 	 {32},
  pages = 	 {171--176}
}


@Article{BertsimasTV99,
    AUTHOR = {D.\ Bertsimas and C.\ Teo and R.\ Vohra},
     TITLE = {On dependent randomized rounding algorithms},
   JOURNAL = {Operations Research Letters},
    VOLUME = {24},
      YEAR = {1999},
    NUMBER = {3},
     PAGES = {105--114},
}

@misc{BhatiaGKS98,
   author = {R.\ Bhatia and S.\ Guha and S.\ Khuller and Y.\ Sussmann},
   title = {Facility location with dynamic distance functions},
   note  = {Submitted to 1998 IPCO Conference.
           URL: \texttt{http://www.cs.umd.edu}
           \texttt{/\~\null samir/grant/career.html}}
}

@PhDThesis{Blum91,
  author	= {A.\ Blum},
  title		= {Algorithms for Approximate Graph Coloring},
  school	= {Massachusetts Institute of Technology},
  department	= {Laboratory for Computer Science},
  type		= {Ph{D} {T}hesis},
  number	= {MIT/LCS/TR-506},
  pages		= {106},
  mmonth        = {June},
  year		= {1991}
}

@InProceedings{BlumKRV98,
    author    = {A.\ Blum and G.\ Konjevod and R.\ Ravi and S.\ Vempala},
    title     = {Semi-Definite Relaxations for Minimum Bandwidth 
                  and other Vertex-Ordering Problems},
    booktitle = {Proceedings of the 30th Annual ACM Symposium 
                    on Theory of Computing (STOC)},
    pages     = {100--105},
    year      = {1998},
}

@Article{BlumRV99,
  author = 	 {A.\ Blum and R.\ Ravi and S.\ Vempala},
  title = 	 {A Constant-Factor Approximation Algorithm for the $k$-{MST} Problem},
  journal = 	 {Journal of Computer and System Sciences},
  year = 	 {1999},
  volume =	 {58},
  pages =	 {101--108},
}

@Book{BondyM76,
  author =       {J.A.\ Bondy and U.S.R.\ Murty},
  title =        {Graph Theory with Applications},
  publisher =    {Macmillan/Elsevier},
  year =         {1976},
  nota =         {},
  annote =       {}
}

@InProceedings{BoppanaH90,
   author      = {R.\ Boppana and M.\ {Halld\'{o}rsson}},
   booktitle   = {Proceedings   SWAT 90},
   pages       = {13--25},
   publisher   = {Springer},
   series      = {Lecture Notes in Computer Science},
   title       = {Approximating maximum independent sets by excluding subgraphs},
   volume      = {447},
   year        = {1990}
}

@Book{BovetC94,
  author = 	 {Bovet and P.\ Crescenzi},
  title = 	 {Introduction to the Theory of Complexity},
  publisher = 	 {Prentice-Hall},
  sseries =      {International Series in Computer Science},
  year = 	 {1994},
}

@Book {Brucker98,
    AUTHOR     = {P.\ Brucker},
     TITLE     = {Scheduling Algorithms},
   EDITION     = {2.\ },
 PUBLISHER     = {Springer},
   AADDRESS    = {Berlin},
      YEAR     = {1998},
}

@InProceedings{BruschiJY91,
  author      = {D.\ Bruschi and D.\ Joseph and P.\ Young},
  title       = {A structural overview of {NP} optimization problems},
  booktitle   = {Proceedings on Optimal Algorithms},
  pages       = {1--26},
  year        = {1991},
  volume      =	{401},
  series      =	{Lecture Notes in Computer Science},
  publisher   = {Springer},
  nota        =	{"Algorithms Review"?}
}


%CCC

@InProceedings{CalinescuF96,
  author =    {G.\ C{\u{a}}linescu and C.G.\ Fernandes},
  title =     {Finding Large Planar Subgraphs and Large Subgraphs of a Given Genus}, 
  booktitle = {Proc.\ 2nd Intern.\ Computing and Combinatorics Conference}, 
  year =      1996, 
  pages =     {152--161},
  volume =    {1},
  atrib =     {IR}
}

@Article{CalinescuFFK98,
  author =    {G.\ C{\u{a}}linescu and C.G.\ Fernandes and U.\ Finkler and H.\ Karloff},
  title =     {A Better Approximation Algorithm for Finding Planar Subgraphs},
  journal =   {Journal of Algorithms},
  volume =    27,
  number =    {2},
  year =      1998,
  pages =     {269--302},
  annote =    {March 1995; accepted June 1996; appeared June 1998},
  atrib =     {IR}
}

@InProceedings{CalinescuFR98,
  AUTHOR =    {G.\ C{\u{a}}linescu and  C.G.\ Fernandes and  B.\ Reed},
  TITLE =     {Multicuts in Unweighted Graphs with Bounded Degree and 
               Bounded Tree-Width},
  BOOKTITLE = {Proceedings of the 6th Conference on Integer Programming and Combinatorial Optimization (IPCO)},
  year =      1998,
  editor =    {R.E.\ Bixby and E.A.\ Boyd and R.Z.\ R\'{\i}os-Mercado},
  volume =    1412,
  series =    {Lecture Notes in Computer Science},
  pages =     {137--152},
  publisher = {Springer},
  aaddress =  {Berlin}, 
  atrib =     {IR}
}

@Unpublished{CalinescuFKZ0x,
  author =    {G.\ C{\u{a}}linescu and C.G.\ Fernandes and H.\ Karloff and A.\ Zelikovski}, 
  title =     {A New Approximation Algorithm for Finding Heavy Planar Subgraphs},
  journal =   {},
  year =      {},
  note =      {submetido, 1998},
  atrib =     {S}
}

@Article {CalinescuKR00,
    AUTHOR = {G.\ C{\u{a}}linescu and H.\ Karloff and Y.\ Rabani},
     TITLE = {An improved approximation algorithm for
              {\SC{MULTIWAY CUT}}},
      NOTE = {[30th Annual ACM Symposium on Theory of Computing (Dallas, TX,
              1998)]},
   JOURNAL = {Journal of Computer and System Sciences},
    VOLUME = {60},
      YEAR = {2000},
    NUMBER = {3},
     PAGES = {564--574},
}

@Article{CameriniGM80,
   author   = {P.\ Camerini and G.\ Galbiati and F.\ Maffioli},
   journal  = {European Journal Oper.\ Res.},
   pages    = {346--352},
   title    = {Complexity of spanning tree problems: {P}art {I}},
   volume   = {5},
   year     = {1980}
}

@Article{CameriniGM83,
   author   = {P.\ Camerini and G.\ Galbiati and F.\ Maffioli},
   journal  = {Discrete Applied Mathematics},
   pages    = {39--50},
   title    = {On the complexity of finding multi-constrained spanning trees},
   volume   = {5},
   year     = {1983}
}

@Article{CameriniGM86,
   author   = {P.\ Camerini and G.\ Galbiati and F.\ Maffioli},
   journal  = {Colloquia Mathematica Societais Janos Bolyai},
   pages    = {53--101},
   title    = {The complexity of weighted multi-constrained spanning tree problems},
   volume   = {44},
   year     = {1986}
}


@Book{CarvalhoCDGFFFMPSW01,
  author = 	 {M.H.\ Carvalho and M.R.\ Cerioli and R.\ Dahab and P.\ Feofiloff and 
                  C.G.\ Fernandes and C.E.\ Ferreira and F.K.\ Miyazawa and
                  J.C.\ de Pina and J.\ Soares and Y.\ Wakabayashi}, 
  editor = 	 {M.R.\ Cerioli and P.\ Feofiloff and C.G.\ Fernandes and F.K.\ Miyazawa},
  title = 	 {Uma Introdu\c c\~ao Sucinta a Algoritmos de Aproxima\c c\~ao},
  publisher = 	 {Publica\c c\~oes Matem\`aticas do {IMPA}},
  year = 	 {2001},
}

@Article{Chlebikov96,
  author    = {J.\ {Chleb\'{\i}kov\'{a}}},
  title     = {Approximating the maximally balanced connected partition problem in graphs},
  journal   = {Information Processing Letters},
  year      = {1996},
  volume    = {60},
  pages     = {225--230},
}

@Book{ChretienneCLL95,
     TITLE = {Scheduling Theory and its Applications},
    EDITOR = {P.\ Chr{\'e}tienne and E.G.~Coffman Jr. and
              J.K.\ Lenstra and Z.\ Liu},
 PUBLISHER = {John Wiley \& Sons},
  aADDRESS = {Chichester},
      YEAR = {1995},
     PAGES = {xvi+365},
}

@Article{CheriyanKT93,
   author   = {J.\ Cheriyan and M.\ Kao and R.\ Thurimella},
   journal  = {SIAM Journal on Computing},
   number   = {1},
   pages    = {157--174},
   title    = {Algorithms for parallel $k$-vertex connectivity and sparse certificates},
   volume   = {22},
   year     = {1993}
}

@Unpublished{CheriyanR98,
   author  = {J.\ Cheriyan and R.\ Ravi},
   mmonth  = {September},
   title   = {Approximation Algorithms for Network Problems},
   year    = {1998},
   note    = {URL:  
              \texttt{http://www.gsia.cmu.edu}
              \texttt{/andrew/ravi/new-lecnotes.html}}
}

@Article{ChorG89,
  author = 	 {B.\ Chor and O.\ Goldreich},
  title = 	 {On the power of two-point sampling},
  journal = 	 {Journal of Complexity},
  year = 	 {1989},
  volume = 	 {5},
  pages = 	 {96--106},
}

@Article{ChorS98,
    author = "B.\ Chor and M.\ Sudan",
    title = "A Geometric Approach to Betweenness",
    journal = "SIAM Journal on Discrete Mathematics",
    volume = "11",
    number = "4",
    pages = "511--523",
    year = "1998"
}

@TechReport{Christofides76,
  author        = {N.\ Christofides},
  title         = {Worst-case analysis of a new heuristic for the traveling salesman problem},
  institution =  {Carnegie Mellon University},
  year = 	 {1976},
  type = 	 {Technical Report},
  number = 	 {388},
}

@InProceedings{ChudakRW01,
  author = 	 {F.\ Chudak and T.\ Roughgarden and D.P.\ Williamson},
  title = 	 {Approximate $k$-{\SC{MST}}s and $k$-{S}teiner trees via 
                   the primal-dual method and {L}agrangean relaxation}, 
   volume    = {2081},
   pages     = {60 ff},
   publisher = {Springer},
   series    = {Lecture Notes in Computer Science},
  booktitle = 	 {Proc.\ 8th Conference on Integer Programming and Combinatorial Optimization Conference (IPCO)},
  year =	 2001,
  anote =	 {Aceito para publicação},
}

@Article{Chvatal79,
   author  = {V.\ Chv\'atal},
   journal = {Mathematics of Operations Research},
   number  = {3},
   pages   = {233--235},
   title   = {A Greedy Heuristic for the Set-Covering Problem},
   volume  = {4},
   year    = {1979}
}

@Book{Chvatal83,
  author   = {V.\ Chv\'atal},
  title    = {Linear Programming},
  publisher ={Freeman},
  aaddress = {New York},
  year =     {1983},
  nota =     {Texto didático clássico e referência obrigatória para a 
                  área de programação linear. [Feofiloff]}
}

@InCollection{Cobham65,
  author = 	 {A.\ Cobham},
  title = 	 {The intrinsic computational difficult of functions},
  booktitle = 	 {Logic, Methodology and Philosophy of Science},
  pages =	 {24--30},
  publisher =	 {North-Holland},
  year =	 1965,
  editor =	 {Y.\ Bar-Hillel},
  aaddress =	 {Amsterdam},
  nota =	 {Proceedings of the 1964 International Congress}
}

@inproceedings{ColeHLP01,
    author = "R.\ Cole and R.\ Hariharan and M.\ Lewenstein and E.\ Porat",
    title = "A faster implementation of the {G}oemans-{W}illiamson clustering algorithm",
    booktitle = "Symposium on Discrete Algorithms",
    pages = "17--25",
    year = "2001",
    url = "citeseer.nj.nec.com/359847.html"}

@InProceedings{Cook71,
  author = 	 {S.A.\ Cook},
  title = 	 {The complexity of theorem-proving procedures},
  booktitle = 	 {Proceedings of the 3rd Annual ACM Symposium on the Theory of Computing (STOC)},
  pages = 	 {151--158},
  year = 	 {1971},
}

@Article{CookR73,
  author = 	 {S.A.\ Cook and R.A.\ Reckhow},
  title = 	 {Time-bounded random access machines},
  journal = 	 {Journal of Computer and System Science},
  year = 	 1973,
  volume =	 7,
  pages =	 {354--375}
}

@Book{CormenLR92,
  author    = {T.H.\ Cormen and C.E.\ Leiserson and  R.L.\ Rivest},
  publisher = {MIT Press},
  title     = {Introduction to Algorithms},
  year      = {1992},
  nota      = {Texto básico de análise de algoritmos, bastante completo,
                em nível de graduação. A segunda edição está a caminho.
                  (Veja também\ \cite{Manber89}.) [Feofiloff]}
}

@Article{CrescenziP91,
   author  = {P.\ Crescenzi and A.\ Panconesi},
   journal = {Information and Computation},
   pages   = {241--262},
   title   = {Completeness in Approximation Classes},
   volume  = {93},
   year    = {1991}
}

@Manual{CrescenziK94,
   author      = {P.\ Crescenzi and V.\ Kann},
   institution = {Università di {R}oma ``La Sapienza''},
   department  = {Department of Computer Science},
   note        = {Continuously updated manuscript available by anonymous ftp from nada.kth.se/Theory/Viggo-Kann/compendium.ps.Z},
   number      = {SIRR - 9501},
   title       = {A Compendium of {NP} Optimization Problems},
   year        = {1994}
}

@Manual{CrescenziK2000,
  author       = {P.\ Crescenzi and V.\ Kann},
  title        = {A Compendium of {NP} Optimization Problems},
  year         = {2000},
  note         = {URL: \texttt{http://www.nada.kth.se/\~\null viggo}
                  \texttt{/wwwcompendium/}},
  url          = {http://www.nada.kth.se/\ viggo/wwwcompendium/}
}

@InProceedings{CrescenziKST95,
   author    = {P.\ Crescenzi and V.\ Kann and R.\ Silvestri and L.\ Trevisan},
   booktitle = {Proceedings of the 1st Combinatorics and Computing Conference},
   pages     = {539--548},
   publisher = {Springer},
   series    = {Lecture Note in Computer Science},
   volume    = {959},
   title     = {Structure in approximation classes},
   year      = {1995}
}

@InProceedings{CrescenziST96,
   author   = {P.\ Crescenzi and R.\ Silvestri and L.\ Trevisan},
   title    = {To weight or not to weight: where is the question?},
   booktitle = {Proceedings of the Fourth Israeli Symposium on Theory of Computing and Systems (ISTCS)},
   iiiinstitution = {Università di Roma},
   department = {Dipartimento de Scienze dell'Informazione},
   publisher = {IEEE},
   year      = {1996}
}

@InProceedings{CrescenziT94,
   author    = {P.\ Crescenzi and L.\ Trevisan},
   booktitle = {Proceedings of 14th Conference on Foundations of Software Technology and Theoretical Computer Science},
   pages     = {330--341},
   publisher = {Springer},
   volume    = {880},
   series    = {Lecture Notes in Computer Science},
   title     = {On approximation scheme preserving reducibility and its applications},
   year      = {1994}
}

@InProceedings{CvetkovicCK99,
  author = 	 {D.\ Cvetkovic and M.\ Cangalovic and V.\ Kovacevic-Vujcic},
  title = 	 {Semidefinite programming methods for the symmetric traveling salesman problem},
  booktitle = 	 {Proceedings of the 7th Conference on Integer Programming and Combinatorial Optimization (IPCO)},
  pages = 	 {},
  year = 	 {1999},
  publisher    = {},
}


%DDD

@Article{DahlhausJPSY94,
  author = 	 {E.\ Dahlhaus and  D.S.\ Johnson and C.H.\ Papadimitriou and P.D.\ Seymour and M.\ Yannakakis},
  title = 	 {The complexity of multiterminal cuts},
  journal = 	 {SIAM Journal on Computing},
  year = 	 1994,
  volume =	 {23},
  number =       {4},
  pages =	 {864--894}
}

@Book{Dantzig63,
   AUTHOR    = {G.B.\ Dantzig},
   TITLE     = {Linear Programming and Extensions},
   PUBLISHER = {Princeton University Press},
   YEAR      = {1963},
   nota      = {Um dos primeiros livros de programação linear,
             escrito pelo inventor do algoritmo Simplex.
             É compreensível que esteja desatualizado. [Feofiloff]}
}

@InCollection{DantzigFF56,
   author    = {G.B.\ Dantzig and L.R.\ Ford and D.R.\ Fulkerson},
   title     = {A primal-dual algorithm for linear programs},
   booktitle = {Linear Inequalities and Related Systems},
   editor    = {H.W.\ Kuhn and A.W.\ Tucker},
   pages     = {171--181},
   publisher = {Princeton University Press},
   aaddress  = {Princeton},
   year      = {1956}
}

@Book{DellamicoMM97,
  editor =	 {M.\ Dell'Amico, F.\ Maffioli, S.\ Martello},
  title = 	 {Annotated Bibliographies in Combinatorial Optimization },
  publisher = 	 {John Wiley},
  year = 	 {1997},
}

@Article{DelormeP93,
  author = 	 {C.\ Delorme and S.\ Poljak},
  title = 	 {Laplacian eigenvalues and the maximum cut problem},
  journal = 	 {Mathematical Programming},
  year = 	 {1993},
  volume =	 {62},
  pages =	 {557--574},
}

@Book{DezaL97,
  author =       {M.M.\ Deza and M.\ Laurent},
  title =        {Geometry of Cuts and Metrics},
  publisher =    {Springer},
  year =         {1997},
  sseries =      {Algorithms and Combinatorics},
  nota =         {},
  annote =       {}
}

@Book{Diestel00,
  author =       {R.\ Diestel},
  title =        {Graph Theory},
  publisher =    {Springer},
  edition =      {2.\ },
  year =         {2000},
  sseries =      {Graduate Texts in Mathematics},
  nota =         {},
  annote =       {}
}

@Article{Dijkstra59,
  author = 	 {E.W.\ Dijkstra},
  title = 	 {A note on two problems in connexion with graphs},
  journal = 	 {Numerische Mathematik},
  year = 	 1959,
  pages =	 {269--271}
}

@Book{Devroye86,
  author =	 {L.\ Devroye},
  title = 	 {Non-uniform Random Variate Generation},
  publisher = 	 {Springer},
  year = 	 {1986},
  nota =	 {},
  annote =	 {Parece que é o livro clássico/básico do Luc.
                  Out of print.}
}

@InProceedings{Devroye96,
  author =	 {L.\ Devroye},
  title = 	 {Random variante generation in one line of code},
  booktitle = 	 {1996 Winter Simulation Conference Proceedings},
  pages =	 {265--272},
  year =	 {1996},
  editor =	 {J.M.\ Charnes and D.J.\ Morrice and D.T.\ Brunner and J.J.\ Swain},
  organization = {ACM},
  nota =	 {URL: \texttt{http://cgm.cs.mcgill.ca/\~\null luc/wsc96.ps}},
  annote =	 {}
}


%EEE

@Article{Edmonds65,
  author = 	 {J.\ Edmonds},
  title = 	 {Maximum matching and a polyhedron with $0,1$-vertices},
  journal = 	 {Journal of Research of the National Bureau of
                  Standards B},
  year = 	 1965,
  volume =	 {69},
  pages =	 {125--130}
}

@Article{Edmonds65a,
  author = 	 {J.\ Edmonds},
  title = 	 {Paths, trees, and flowers},
  journal = 	 {Canadian Journal of Mathematics},
  year = 	 {1965},
  volume =	 {17},
  pages =	 {449-467},
  nota =	 {Solução do problema do emparelhamento máximo em um grafo. 
                  Um marco na história da otimização combinatória. 
                  [Feofiloff]},
  annote =	 {}
}

@Article{Edmonds79,
   author      = {J.\ Edmonds},
   journal     = {Annals of Discrete Mathematics},
   pages       = {185--204},
   title       = {Matroid intersection},
   volume      = {4},
   year        = {1979}
}

@Article{EdmondsK72,
  author = 	 {J.\ Edmonds and R.M.\ Karp},
  title = 	 {Theoretical improvements in algorithmic efficiency for network flow problems},
  journal = 	 {Journal of the ACM},
  year = 	 1972,
  volume =	 19,
  pages =	 {248--264}
}

@InProceedings{Engebretsen99,
    AUTHOR = {L.\ Engebretsen},
     TITLE = {An explicit lower bound for {\SC{TSP}} with distances one and
              two},
 BOOKTITLE = {Proceedings of the 16th Annual Symposium on 
              Theoretical Aspects of Computer Science (STACS)},
      city = {Trier, Germany},
    editor = {C.\ Meinel and S.\ Tison},
     PAGES = {373--382},
    series = {Lecture Notes in Computer Science},
    volume = {1563},
 PUBLISHER = {Springer},
   ADDRESS = {Berlin},
      YEAR = {1999},
}

@Article{EngebretsenK00,
    AUTHOR = {L.\ Engebretsen and M.\ Karpinski},
     TITLE = {Approximation hardness of {\SC{TSP}} with bounded metrics},
   journal = {Eletronic Colloquium on Computational Complexity},
    volume = {7},
    number = {89},
      YEAR = {2000},
      note = {URL: \texttt{http://www}
              \texttt{.eccc.uni-trier.de/eccc/}}
}

@Article{Erdos67,
  author =       {P.\ Erd\H{o}s},
  title =        {Gráfok páros körüljárású részgráfjairól
                  \textup{(On bipartite subgraphs of graphs, em húngaro)}},
  journal =      {Matematikai Lapok},
  year =         1967,
  volume =       18,
  pages =        {283--288}
}

@Article{ErdosS73,
  author =       {P.\ Erd\H{o}s and J.\ Selfridge},
  title =        {On a combinatorial game},
  journal =      {Journal of Combinatorial Theory, Ser. A},
  year =         1973,
  volume =       14,
  pages =        {298--301}
}

@Book{ErdosS74,
   author      = {P.\ Erd\H{o}s and J.\ Spencer},
   title       = {The Probabilistic Method in Combinatorics},
   publisher   = {Academic Press},
   year        = {1974}
}

@InProceedings{EvenNRSS95,
   AUTHOR    = {G.\ Even and J.\ Naor and S.\ Rao and B.\ Schieber},
   TITLE     = {Divide-and-conquer approximation algorithms via
             spreading metrics},
   BOOKTITLE = {Proceedings of the 36th Annual Symposium on
      Foundations of Computer Science (FOCS)},
   PAGES     = {62--71},
   YEAR      = {1995},
}

@InProceedings{EvenNRSS97,
    AUTHOR = {G.\ Even and J.\ Naor and S.\ Rao and B.\ Schieber},
     TITLE = {Spreading metric based graph partitioning algorithms 
                  (extended abstract)},
 BOOKTITLE = {Proceedings of the Eighth SIAM Conference on Parallel
              Processing for Scientific Computing},
  confcity = {(Minneapolis, MN, 1997)},
     PAGES = {8 p.},
pPUBLISHER = {SIAM},
  aADDRESS = {Philadelphia, PA},
      YEAR = {1997},
}


%FFF

@InCollection{Fagin74,
  author = 	 {R.\ Fagin},
  title =        {Generalized first-order spectra 
                  and polynomial-time recognizable sets},
  booktitle =    {Complexity of Computation},
  pages =	 {43--73},
  publisher =    {AMS},
  year =	 {1974},
  editor =	 {R.M.\ Karp},
  volume =	 {7},
  series =	 {SIAM-AMS Proceedings},
}

@Article{Feige98, 
  author =       {U.\ Feige}, 
  title =        {A threshold of $\ln n$ for approximating set cover}, 
  journal =      {Journal of the ACM},
  year =         {1998},
  volume =	 {45},
  number =	 {4},
  pages =	 {634--652},
  obs =          {Trocar Feige95 por Feige98.}
}

@InProceedings{Feige99,
    AUTHOR = {U.\ Feige},
     TITLE = {Randomized rounding for semidefinite programs---variations on
              the {\SC{MAX CUT}} example},
 BOOKTITLE = {Randomization, Approximation, and Combinatorial Optimization},
     PAGES = {189--196},
    series = {Lecture Notes in Computer Science},
    volume = {1671},
 PUBLISHER = {Springer},
  aADDRESS = {Berlin},
      YEAR = {1999},
}

@InProceedings{FeigeG95,
  author = 	 {U.\ Feige and M.X.\ Goemans},
  title = 	 {Approximating the value of two prover proof systems, with applications to {\SC{MAX 2SAT}} and {\SC{MAX DICUT}}},
  booktitle = 	 {Proceedings of the Third Israel Symposium on Theory of Computing and Systems (ISTCS)},
  pages =        {182--189},
  year = 	 {1995},
}

@Unpublished{Feofiloff96,
  author = 	 {P.\ Feofiloff},
  title = 	 {{MAC-325} {O}timização {C}ombinat\'oria},
  note = 	 {Notas de aulas},
  year =	 1996
}

@Book{Feofiloff00,
  author =	 {P.\ Feofiloff},
  title = 	 {Algoritmos de Programação Linear},
  publisher = 	 {A ser publicado pela EDUSP},
  year = 	 {2001},
  nota =         {Um texto básico de programação linear, com enfoque algébrico.
                  Inclui discussão do algoritmo Simplex para números racionais 
                  e de uma variante do algoritmo dos elipsóides.
                  [Feofiloff]}
}

@Unpublished{Feofiloff01,
  author = 	 {P.\ Feofiloff},
  title = 	 {Implementação ${O}(n^2 \log n)$ do algoritmo de {G}oemans e 
                  {W}illiamson para o prize-collecting {S}teiner tree problem},
  note = 	 {Anotações},
  year = 	 2001
}

@Unpublished{FeofiloffFFP02,
  author = 	 {P.\ Feofiloff and C.G.\ Fernandes and C.E.\ Ferreira and J.\ de Pina},
  title = 	 {Approximation algorithms for the prize-collecting {S}teiner tree problem},
  note = 	 {submetido},
  year = 	 {2002},
}

@PhDThesis{Fernandes97a,
  author =    {C.G.\ Fernandes},
  title =     {Approximation Algorithms for Finding Planar and Highly Connected Subgraphs}, 
  school =    {Georgia Institute of Technology}, 
  department = {College of Computing}, 
  aaddress =   {Atlanta, EUA}, 
  year=       1997,
  type   =    "Ph{D} {T}hesis",
  atrib =     {IR}
}

@Article{Fernandes98,
  author =    {C.G.\ Fernandes},
  title =     {A Better Approximation Ratio for the Minimum $k$-edge-connected
               Spanning Subgraph Problem},
  journal =   {Journal of Algorithms},
  volume =    28,
  year =      1998,
  pages =     {105--124},
  number =    {1},
  annote =    {October 1996; accepted October 1997; appeared July 1998},
  atrib =     {IR}
}

@Unpublished{FernandesN0x,
  author =    {C.G.\ Fernandes and T.\ Nierhoff}, 
  title =     {The {UPS} Problem},
  journal =      {},
  year =         {},
  pages =	 {},
  note =         {submetido, 2000},
  annote =	 {},
  atrib =        {S}
}

@Article{FerreiraMW99,
  author = 	 {C.E.\ Ferreira and F.K.\ Miyazawa and Y.\ Wakabayashi},
  title = 	 {Packing of Squares into Squares},
  journal =      {Pesquisa Operacional},
  volume =       {19},
  number =       {2},
  year =	 {1999},
  pages =        {223--237}
}

@Article{FordF56,
  author = 	 {L.R.\ Ford and D.R.\ Fulkerson},
  title = 	 {Maximal flow through a network},
  journal = 	 {Canadian Journal of Mathematics},
  year = 	 1956,
  volume =	 8,
  pages =	 {399--404}
}

@Article{FrankT89,
   author      = {A.\ Frank and E.\ Tardos},
   journal     = {Linear Algebra and its Applications},
   pages       = {320--348},
   title       = {An application of submodular flows},
   volume      = {114/115},
   year        = {1989}
}

@InProceedings{FriezeJ95,
  author = 	 {A.\ Frieze and M.\ Jerrum},
  title = 	 {Improved approximation algorithms for {\SC{MAX}} $k$-{\SC{CUT}} and {\SC{MAX BISECTION}}},
  booktitle = 	 {Proceedings of the 4th Conference on Integer Programming and Combinatorial Optimization (IPCO)},
  publisher =    {Springer},
  year = 	 {1995}
}

@Article{FriezeJ97,
  author = 	 {A.\ Frieze and M.\ Jerrum},
  title = 	 {Improved approximation algorithms for 
                  {\SC{MAX}} $k$-{\SC{CUT}} and {\SC{MAX BISECTION}}},
  journal =      {Algorithmica},
  year = 	 {1997},
  pages =        {67--81}
}

@InProceedings{FurerR92,
  author = 	 {M.\ {F\"{u}rer} and B.\ Raghavachari},
  title = 	 {Approximating the minimum degree spanning tree to within one from the optimal degree},
  booktitle = 	 {Proceedings of the Third ACM-SIAM Symposium on Discrete Algorithms (SODA)},
  pages = 	 {317--324},
  year = 	 {1992},
}



%GGG

@Article {GabowGW98,
    AUTHOR = {H.N.\ Gabow and M.X.\ Goemans and D.P.\ Williamson},
     TITLE = {An efficient approximation algorithm for the survivable
              network design problem},
    ANNOTE = {Proceedings of the 3rd Integer Programming and 
               Combinatorial Optimization Conference (IPCO), 1993},
   JOURNAL = {Mathematical Programming},
    VOLUME = {82},
      YEAR = {1998},
    NUMBER = {1-2, Ser. B},
     PAGES = {13--40},
}

@InProceedings{GabowGW93, 
  author    = "H.N.\ Gabow and M.X.\ Goemans and D.P.\ Williamson", 
  title     = "An efficient approximation algorithm for the survivable 
               network design problem", 
  booktitle = "Proceedings of the 3rd Conference on Integer Programming and 
               Combinatorial Optimization (IPCO)", 
  editor    = "G.\ Rinaldi and L.A.\ Wolsey", 
  year      ="1993", 
  mmonth    = apr # "-" # may, 
  publisher =  "CIACO", 
  conflocation  =  "Erice, Italy", 
  pages     =  "57--74", 

} 

@InCollection{GacsL81,
    AUTHOR    = {P.\ Gács and L.\ Lovász},
    TITLE     = {Khachiyan's algorithm for linear programming},
    BOOKTITLE = {Mathematical Programming Study},
    PUBLISHER = {North-Holland},
    VOLUME    = {14},
    year      = {1981},
    PAGES     = {61--68} 
}

@Article{GalbiatiMM94,
  author      = {G.\ Galbiati and F.\ Maffioli and A.\ Morzenti},
  title       = {A short note on the approximability of the maximum leaves spanning tree problem},
  journal     = {Information Processing Letters},
  year        = {1994},
  volume      = {52},
  pages       = {45--49},
}

@InProceedings{GalbiatiMM95,
   author     = {G.\ Galbiati and F.\ Maffioli and A.\ Morzenti},
   title      = {On the approximability of some maximum spanning tree problems},
   booktitle  = {Second International Latin American Theoretical INformatics},
   publisher  = {Springer},
   series     = {Lecture Notes in Computer Science},
   volume     = {911},
   pages      = {300--310},
   year       = {1995}
}

@Article{GalbiatiMM97,
   author     = {G.\ Galbiati and F.\ Maffioli and A.\ Morzenti},
   journal    = {Theoretical Computer Science},
   number     = {1},
   pages      = {107--118},
   title      = {On the approximability of some maximum spanning tree problems},
   volume     = {181},
   year       = {1997}
}

@InProceedings{GareyGU72,
  author = 	 {M.R.\ Garey and R.L.\ Graham and J.D.\ Ullman},
  title = 	 {Worst-case analysis of memory allocation algorithms},
  booktitle = 	 {Proceedings of the 4th Annual ACM Symposium on the Theory of Computing (STOC)},
  year =	 {1972},
  pages =	 {143--150},
}

@Article{GareyJ75,
    author    = {M.R.\ Garey and D.S.\ Johnson},
    title     = {Complexity Results for Multiprocessor Scheduling under Resource Constraints},
    journal   = {SIAM Journal on Computing},
    volume    = {4},
    pages     = {397--411},
    year      = {1975}
}

@Book{GareyJ79,
   author     = {M.R.\ Garey and D.S.\ Johnson},
   title      = {Computers and Intractability: a Guide to the 
                  Theory of {NP}-Completeness},
   publisher  = {Freeman},
   aaddress   = {San Francisco},
   year       = {1979},
   nota       = {Referência básica em teoria da complexidade.
                 Inclui extenso catálogo de problemas {NP}-completos.
                 As atualizações do catálogo têm sido publicadas na coluna
                 ``The {NP}-completeness column''
                 do \emph{Journal of Algorithms}.
                [Feofiloff]}
}

@Article{GareyJ78,
   author    = {M.R.\ Garey and D.S.\ Johnson},
   journal   = {Journal of the ACM},
   pages     = {499--508},
   title     = {Strong {NP}-completeness results: Motivations, examples and implications},
   volume    = {25},
   year      = {1978}
}

@InProceedings{Garg96,
    AUTHOR  = {N.\ Garg},
     TITLE  = {A 3-approximation for the minimum tree spanning $k$ vertices},
  booktitle = {Proceedings of the 37th Annual Symposium on Foundations of Computer Science (FOCS)},
       YEAR = {1996},
      PAGES = {320--309},
}

@article {GargKR00,
    AUTHOR = {N.\ Garg and G.\ Konjevod and R.\ Ravi},
     TITLE = {A polylogarithmic approximation algorithm for the group
              {S}teiner tree problem},
   JOURNAL = {Journal of Algorithms},
    VOLUME = {37},
      YEAR = {2000},
    NUMBER = {1},
     PAGES = {66--84},
}


@InProceedings{GargSS93,
   author    = {N.\ Garg and V.\ Santosh and A.\ Singla},
   booktitle = {Proceedings Fourth ACM-SIAM Symposium on Discrete Algorithms (SODA)},
   pages     = {103--111},
   title     = {Improved approximation algorithms for biconnected subgraphs 
                via better lower bounding techniques},
   year      = {1993}
}

@Article{GargVY96,
   author     = {N.\ Garg and V.V.\ Vazirani and M.\ Yannakakis},
   journal    = {SIAM Journal on Computing},
   pages      = {235--251},
   title      = {Approximate max-flow and min-(multi)cut theorems and their applications},
   volume     = {25},
   year       = {1996}
}

@Article{GargVY97,
  author = 	 {N.\ Garg and V.V.\ Vazirani and M.\ Yannakakis},
  title = 	 {Primal-Dual Approximation Algorithms for Integral Flow and Multicut in Trees},
  journal = 	 {Algorithmica},
  year = 	 {1997},
  volume = 	 {18},
  pages = 	 {3--20},
}

@Booklet{Goemans94,
  title = 	 {Approximation Algorithms},
  author =	 {M.X.\ Goemans},
  howpublished = {Lecture Notes},
  year =	 1994,
  mmonth =	 {November},
  nota =	 {(49 pages)},
}

@TechReport{Goemans94a,
   author     = {M.X.\ Goemans},
   mmonth     = {December},
   number     = {MIT/LCS/RSS-27},
   title      = {Approximation Algorithms},
   type       = {Lectures Notes on Advanced Algorithms},
   year       = {1994},
   institution= {Massachusetts Institute of Technology},
   department = {Department of Mathematics}
}

@Article{Goemans95, 
 author       = {M.X.\ Goemans}, 
 title        = {An Approximation Algorithm for Scheduling on Three Dedicated Machines}, 
 journal      = {Discrete Applied Mathematics}, 
 volume       = {61},
 pages        = {49--59},
 year         = {1995}, 
} 

@Article{Goemans97,
  author = 	 {M.X.\ Goemans},
  title = 	 {Semidefinite programming in combinatorial optimization},
  journal = 	 {Mathematical Programming},
  year = 	 {1997},
  volume =	 {79},
  pages =	 {143--161},
}

@InProceedings{GoemansK96, 
 title     = {An improved approximation ratio for the minimum latency problem}, 
 author    = {M.X.\ Goemans and J.\ Kleinberg}, 
 pages     = {152--158}, 
 booktitle = {Proceedings of the Seventh ACM-SIAM Symposium on Discrete Algorithms (SODA)}, 
 mmonth    =  "28--30 " # jan, 
 year      = {1996}, 
 aaddress  = {Atlanta}, 
 key =   "ACM/SIAM", 
 crossrefonly = "1", 
} 

@InProceedings{GoemansW92,
 author     = {M.X.\ Goemans and D.P.\ Williamson}, 
 title      = {A general approximation technique for constrained forest problems}, 
 booktitle  = {Proceedings of the Third ACM-SIAM Symposium on Discrete
              Algorithms (SODA)}, 
 editor     = {G.\ Frederickson and R.L.\ Graham and D.S.\ Hochbaum and E.\ Johnson and S.R.
              Kosaraju and M.\ Luby and N.\ Megiddo and B.\ Schieber and P.\ Vaidya and F.\ Yao}, 
 year       = {1992}, 
 mmonth     = jan, 
 publisher  = {SIAM}, 
 conflocation = {Orlando, FL, USA}, 
 pages      = {307--316}, 
} 

@InProceedings{GoemansW93, 
 author    = {M.X.\ Goemans and D.P.\ Williamson}, 
 title     = {A new $\frac{3}{4}$-approximation algorithm for {\SC{MAX SAT}}}, 
 booktitle = {Proceedings of the 3rd Integer Programming and 
                 Combinatorial Optimization Conference}, 
 editor    = {G.\ Rinaldi and L.A.\ Wolsey}, 
 year      = {1993}, 
 mmonth    =  apr # "-" # may, 
 publisher = {CIACO}, 
 conflocation = {Erice, Italy}, 
 pages     = {313--322},
 annote    =  {Acho que não deve citar este mas sempre GoemansW94.}
} 

@Article{GoemansW94, 
 author    = {M.X.\ Goemans and D.P.\ Williamson}, 
 title     = {New $3/4$-Approximation Algorithms for the Maximum Satisfiability Problem}, 
 journal   = {SIAM Journal on Discrete Mathematics}, 
 volume    = {7}, 
 year      = {1994}, 
 pages     = {656--666}
} 

@InProceedings{GoemansW94a, 
 title     = {.878-approximation algorithms for {MAX CUT} and {MAX 2SAT}}, 
 author    = {M.X.\ Goemans and D.P.\ Williamson}, 
 pages     = {422--431}, 
 booktitle = {Proceedings of the 26th Annual ACM Symposium on Theory of
                Computing (STOC)}, 
 mmonth    = "23--25 " # may, 
 year      = {1994}, 
 aaddress  = "Montr\'eal, Qu\'ebec, Canada", 
 c-organization="ACM", 
 key       = "ACM", 
 crossrefonly= "1", 
 annote    = {An extended version appeared in the \emph{Journal of the ACM},
                42(6):1115--1145, November 1995.}, 
} 

@TechReport{GoemansW94b, 
 author      = "M.X.\ Goemans and D.P.\ Williamson", 
 title       = "Improved approximation algorithms for maximum cut and satisfiability problems 
           using semidefinite programming", 
 institution = "Massachusetts Institute of Technology", 
 department  = "Department of Mathematics", 
 type        = {Technical Report},
 year        = "1994", 
 annote     = {Acho que nunca deveria citar isso. Melhor GoemansW95a.}
} 

@Article{GoemansW95, 
 title       = "A General Approximation Technique for Constrained Forest Problems", 
 author      = "M.X.\ Goemans and D.P.\ Williamson", 
 pages       = "296--317", 
 journal     = {SIAM Journal on Computing}, 
 mmonth      = apr, 
 year        = "1995", 
 volume      ="24", 
 number      = "2", 
}
 
@Article{GoemansW95a,
  author = 	 {M.X.\ Goemans and D.P.\ Williamson},
  title = 	 {Improved approximation algorithms for maximum cut and satisfiability problems using semidefinite programming},
  journal = 	 {Journal of the ACM},
  year = 	 {1995},
  volume = 	 {42},
  pages = 	 {1115--1145},
}

@Unpublished{GoemansW95b,
   author = {M.X.\ Goemans and D.P.\ Williamson},
   note   = {Manuscript},
   title  = {Primal-dual approximation algorithms for feedback problems in planar graphs},
   year   = {1995}
}

@InBook{GoemansW97,
  author = 	 {M.X.\ Goemans and D.P.\ Williamson},
  title = 	 {The primal-dual method for approximation algorithms and its application to network design problems},
  crossref =	 {Hochbaum97},
  type =	 {Chapter},
  chapter = 	 {4},
}

@Article {GoemansW98,
    AUTHOR = {M.X.\ Goemans and D.P.\ Williamson},
     TITLE = {Primal-dual approximation algorithms for feedback problems in
              planar graphs},
   JOURNAL = {Combinatorica},
  FJOURNAL = {Combinatorica. An International Journal on Combinatorics and
              the Theory of Computing},
    VOLUME = {18},
      YEAR = {1998},
    NUMBER = {1},
     PAGES = {37--59},
}

@InProceedings{GoemansW01,
  author = 	 {M.X.\ Goemans and D.P.\ Williamson},
  title = 	 {Approximation algorithms for {\SC{MAX}} 3-{\SC{CUT}} and other 
                  problems via complex semidefinite programming}, 
  booktitle = 	 {Proceedings of the 33th Annual ACM Symposium on Theory of Computing (STOC)},
  year =	 2001,
  note =	 {Aceito para publicação}
}

@InProceedings{GoemansGPSTW94,
 title     = {Improved approximation algorithms for network design problems}, 
 author    = {M.X.\ Goemans and A.V.\ Goldberg and S.\ Plotkin and D.B.\ Shmoys and 
                 {\'E}.\ Tardos and D.P.\ Williamson}, 
 pages     = {223--232}, 
 booktitle = {Proceedings of the Fifth ACM-SIAM Symposium on 
                   Discrete Algorithms (SODA)}, 
 mmonth    =  "23--25 " # jan, 
 year      = {1994}, 
 aaddress  = "Philadelphia, Pennsylvania" 
} 

@InCollection{Gonzaga89,
  author =       {C.C.\ Gonzaga},
  title =        {An algorithm for solving linear programming problems
                  in {$O(n^3L)$} operations},
  booktitle =    {Progress in Mathematical Programming: Interior Point and
                  Related Methods},
  publisher =    {Springer},
  year =         {1989},
  editor =       {N.\ Megiddo},
  pages =        {1--28},
  annote =       {O paper original do Clóvis.}
}

@Article{Gonzaga92,
  author =       {C.C.\ Gonzaga},
  title =        {Path Following Methods for Linear Programming},
  journal =      {SIAM Review},
  year =         {1992},
  volume =       {34},
  number =       {2},
  pages =        {167--227},
  nota =         {\textsl{A survey}},
}

@Article{Graham66,
  author = 	 {R.L.\ Graham},
  title = 	 {Bounds for certain multiprocessor anomalies},
  journal = 	 {Bell System Technical Journal},
  year = 	 {1966},
  volume =	 {45},
  pages =	 {1563--1581}
}

@article {Graham69,
    AUTHOR = {R.L.\ Graham},
     TITLE = {Bounds on multiprocessing timing anomalies},
   JOURNAL = {SIAM Journal on Applied Mathematics},
    VOLUME = {17},
      YEAR = {1969},
     PAGES = {416--429},
}

@Book{GrahamKP89, 
  author =    {R.L.\ Graham and D.E.\ Knuth and O.\ Patashnik}, 
  title =     {Concrete Mathematics: A Foundation for Computer Science}, 
  publisher = {Addison-Wesley}, 
  city =      {New York},
  year =      {1989}
}

@book{GrahamGL95,
     TITLE = {Handbook of combinatorics. {V}ol. 1,\ 2},
    EDITOR = {R.L.\ Graham and M.\ Gr{\"o}tschel and L.\ Lov{\'a}sz},
 PUBLISHER = {Elsevier Science B.V.},
   ADDRESS = {Amsterdam},
      YEAR = {1995},
     PAGES = {Vol.\ I: cii+1018 pp.; Vol.\ II: pp.\ i--cii and 1019--2198},
}

@Article{GriggsKS89,
  author = 	 {J.\ Griggs and D.\ Kleitman and A.\ Shastri},
  title = 	 {Spanning trees with many leaves in cubic graphs},
  journal = 	 {Journal of Graph Theory},
  year = 	 {1989},
  volume = 	 {13},
  pages = 	 {669--695},
}

@InProceedings{GrigniKP95,
   author    = {M.\ Grigni and E.\ Koutsoupias and C.\ Papadimitriou},
   aaddress  = {Milwaukee, Wisconsin},
   booktitle = {Proceedings of the 36th Annual Symposium on Foundations of Computer Science (FOCS)},
   pages     = {640--645},
   title     = {An approximation scheme for planar graph {TSP}},
   year      = {1995}
}

@Article{GrotschelLS81,
  author =       {M.\ Grötschel and L.\ Lovász and A.\ Schrijver},
  title =        {The ellipsoid method and its consequences in 
                  combinatorial optimization},
  journal =      {Combinatorica},
  year =         {1981},
  volume =       {1},
  pages =        {169--197},
}

@Book{GrotschelLS88,
  author =       {M.\ Grötschel and L.\ Lovász and A.\ Schrijver},
  title =        {Geometric Algorithms and Combinatorial Optimization},
  publisher =    {Springer},
  year =         {1988},
  nota =         {\textsl{Veja também}\ \cite{GrotschelLS93}}
}

@Book{GrotschelLS93,
  author =       {M.\ Grötschel and L.\ Lovász and A.\ Schrijver},
  title =        {Geometric Algorithms and Combinatorial Optimization},
  publisher =    {Springer},
  year =         {1993},
  edition =      {2.\ },
  nota         = {Texto fundamental sobre algoritmos polinomiais 
para otimização combinatória e ``combinatória poliédrica''
baseados no método dos elipsóides\ \cite{Khachiyan79}.
(Veja também\ \cite{Schrijver86}.) [Feofiloff]}
}

@InProceedings{GuimaraesS97,
   author    = {K.\ {Guimarães} and L.\ Salgado},
   booktitle = {Proc.\ of Panel'97 CLEI - XXIII Conferencia Latinoamericana de {Inform\'{a}tica}.},
   title     = {On the approximability of the maximum weighted balance problem},
   year      = {1997}
}

@InCollection{Guimaraes98,
  author    = {K.S.\ Guimarães},
  title     = {Algoritmos de Aproximação para Problemas de Otimização},
  booktitle = {XVII Jornada de Atualização em Informática},
  editor    = {H.P.\ de Moura},
  publisher = {SBC},
  pages     = {1--47},
  volume    = {II},
  year      = {1998}
}

@InProceedings{GuruswamiKRSY99,
    AUTHOR = {V.\ Guruswami and S.\ Khanna and R.\ Rajaraman and
              B.\ Shepherd and M.\ Yannakakis},
     TITLE = {Near-optimal hardness results and approximation algorithms for
              edge-disjoint paths and related problems},
 BOOKTITLE = {Proceedings of the 31st Annual ACM Symposium on Theory of
                Computing (STOC)},
     PAGES = {19--28},
      YEAR = {1999},
}

@Book{GolubL96,
  author =       {G.H.\ Golub and C.F.\ Van Loan},
  title =        {Matrix Computations},
  publisher =    {Johns Hopkins University Press},
  year =         {1996},
  aaddress =     {Baltimore},
  edition =      {3.\ },
  nota =         {},
  annote =       {Cholesky factorization (decomposition?), p.463}
}


%HHH
@Article{HallH86,
    AUTHOR = {N.G.\ Hall and D.S.\ Hochbaum},
     TITLE = {A fast approximation algorithm for the multicovering problem},
   JOURNAL = {Discrete Applied Mathematics},
    VOLUME = {15},
      YEAR = {1986},
    NUMBER = {1},
     PAGES = {35--40},
}

@TechReport{Halldorsson95,
  author = 	 {M.\ Halld\'{o}rsson},
  title = 	 {Approximating via partitioning},
  institution =  {JAIST},
  year = 	 {1995},
  number = 	 {IS-RR-95-0003F},
  type = 	 {Technical Report},
  mmonth = 	 {March},
}


@InProceedings{Halperin00,
   author    = {E.\ Halperin},
   booktitle = {Proceedings of the Eleventh ACM-SIAM Symposium on Discrete Algorithms (SODA)},
   title     = {Improved approximation algorithms for the vertex cover problem in graphs and hypergraphs},
   year      = {2000},
   pages     = {329--337}
}

@Article{HarelT84,
  author = 	 {D.\ Harel and R.E.\ Tarjan},
  title = 	 {Fast algorithms for finding nearest common ancestors},
  journal = 	 {SIAM Journal on Computing},
  year = 	 {1984},
  volume = 	 {13},
  number = 	 {2},
  pages = 	 {338--355},
}

@InProceedings{Hastad94,
   author    = {J.\ H{\aa}stad},
   booktitle = {Proc.\ 4th Scand.\ Workshop Algorithm Theory},
   pages     = {231--239},
   publisher = {Springer},
   series    = {Lecture Notes in Computer Science},
   title     = {Recent results in hardness of approximation},
   volume    = {824},
   year      = {1994}
}

@InProceedings{Hastad96,
   author    = {J.\ H{\aa}stad},
   title     = {Clique is hard to approximate within $n^{1-\epsilon}$},
   booktitle = {Proceedings of the 37th Annual Symposium on Foundations of Computer Science (FOCS)},
   pages     = {627--636},
   year      = {1996},
}

@InProceedings{Hastad97,
   author    = {J.\ H{\aa}stad},
   title     = {Some optimal inapproximability results},
   booktitle = {Proceedings of the 29th Annual ACM Symposium on the Theory of Computing (STOC)},
   pages     = {1--10},
   year      = {1997},
}

@Article{Hochbaum82,
   author    = {D.S.\ Hochbaum},
   journal   = {SIAM Journal on Computing},
   number    = {3},
   title     = {Approximation algorithms for the set covering and vertex  cover problems},
   volume    = {11},
   year      = {1982},
   pages     = {555--556}
}

@Article{Hochbaum83,
   author    = {D.S.\ Hochbaum},
   journal   = {Discrete Applied Mathematics},
   pages     = {243--254},
   title     = {Efficient bounds for the stable set, vertex cover and set packing problems},
   volume    = {6},
   year      = {1983}
}

@Article{HochbaumMNT93,
   author    = {D.S.\ Hochbaum and N.\ Megiddo and J.\ Naor and A.\ Tamir},
   journal   = {Mathematical Programming},
   pages     = {69--83},
   title     = {Tight bounds and 2-approximation algorithms for integer programs with two variables per inequality},
   volume    = {62},
   year      = {1993}
}

@Book{Hochbaum97,
  editor =	 {D.S.\ Hochbaum},
  title = 	 {Approximation Algorithms for {NP}-Hard Problems},
  publisher = 	 {PWS Publishing},
  year = 	 {1997}
}

@InBook{Hochbaum97a,
  author =	 {D.S.\ Hochbaum},
  key =	         {Hochbaum},
  title = 	 {Various notions of approximations: good, better, best and more},
  crossref = 	 {Hochbaum97},
  type =	 {Chapter},
  chapter = 	 {9},
}

@Article{HochbaumS85,
   author  = {D.S.\ Hochbaum and D.B.\ Shmoys},
   journal = {Mathematics of Operations Research},
   pages   = {180--184},
   title   = {A best possible heuristic for the $k$-center problem},
   volume  = {10},
   year    = {1985}
}

@Article{HochbaumS86,
   author  = {D.S.\ Hochbaum and D.B.\ Shmoys},
   journal = {Journal of the ACM},
   number  = {3},
   pages   = {533--550},
   title   = {A unified approach to approximation algorithms for bottleneck problems},
   volume  = {33},
   year    = {1986}
}

@Article{HochbaumS87,
    AUTHOR = {D.S.\ Hochbaum and D.B.\ Shmoys},
     TITLE = {Using dual approximation algorithms for scheduling problems:
              theoretical and practical results},
   JOURNAL = {Journal of the ACM},
  FJOURNAL = {Journal of the Association for Computing Machinery},
    VOLUME = {34},
      YEAR = {1987},
    NUMBER = {1},
     PAGES = {144--162},
}

@Article{HochbaumS88,
  author = 	 {D.S.\ Hochbaum and D.B.\ Shmoys},
  title = 	 {A polynomial approximation scheme for machine scheduling on uniform processors: using the dual approach},
  journal = 	 {SIAM Journal on Computing},
  year = 	 {1988},
  volume = 	 {17},
  pages = 	 {539--551}
}

@Article{Hoogeveen91,
  author = 	 {J.A.\ Hoogeveen},
  title = 	 {Analysis of {C}hristofides' heuristic: some paths are more difficult than cycles},
  journal = 	 {Operations Research Letters},
  year = 	 {1991},
  volume = 	 {10},
  pages = 	 {291--295}
}

@Article{HougardyPS94,
  author = 	 {S.\ Hougardy and H.-J.\ Pr\"{o}mel and A.\ Steger},
  title = 	 {Probabilistically checkable proofs and their consequences
                  for approximation algorithms},
  journal = 	 {Discrete Mathematics},
  year = 	 {1994},
  volume =	 {136},
  pages =	 {175--223}
}

@Article{Hu63,
  author = 	 {T.C.\ Hu},
  title = 	 {Multicommodity Network Flows},
  journal = 	 {Operations Research},
  year = 	 {1963},
  volume =	 {9},
  pages =	 {898--900}
}


%III

@Article{IbarraK75,
   author      = {O.H.\ Ibarra and C.E.\ Kim},
   journal     = {Journal of the ACM},
   pages       = {463--468},
   title       = {Fast approximation algorithms for the knapsack and sum of subset problems},
   volume      = {22},
   year        = {1975}
}

@Article{Itai78,
    AUTHOR = {A.\ Itai},
     TITLE = {Two-commodity flow},
   JOURNAL = {Journal of the ACM},
    VOLUME = {25},
      YEAR = {1978},
    NUMBER = {4},
     PAGES = {596--611},
}


%JJJ

@Booklet{JainV01,
  author =    {K.\ Jain and V.V.\ Vazirani},
  title =     {Primal-Dual Approximation Algorithms for Metric 
                     Facility Location and $k$-Median Problems},
  howpublished = {\emph{17th International Symposium on Mathematical Programming (ISMP)}},
  note =      {URL: \texttt{http://www.cc.gatech.edu/people/home/kjain/}},
  year =      {2000},
 }

@InProceedings {JainMVW99,
    AUTHOR = {K.\ Jain and I.\ M{\u{a}}ndoiu and V.V.\ Vazirani and
              D.P.\ Williamson},
     TITLE = {A primal-dual schema based approximation algorithm for the
              element connectivity problem},
 BOOKTITLE = {Proceedings of the Tenth Annual ACM-SIAM Symposium on Discrete
              Algorithms (SODA)},
     PAGES = {484--489},
      YEAR = {1999},
}

@Article{Jain01,
    AUTHOR = {K.\ Jain},
     TITLE = {A factor 2 approximation algorithm for the generalized
              {S}teiner network problem},
   JOURNAL = {Combinatorica},
  FJOURNAL = {Combinatorica. An International Journal on Combinatorics and
              the Theory of Computing},
    VOLUME = {21},
      YEAR = {2001},
    NUMBER = {1},
     PAGES = {39--60},
}

@Article{Johnson74,
  author = 	 {D.S.\ Johnson},
  title = 	 {Approximation algorithms for combinatorial problems},
  journal = 	 {Journal of Computer and System Sciences},
  year = 	 {1974},
  volume = 	 {9},
  pages = 	 {256--278},
  nota = {Esta é uma das primeiras discussões de 
algoritmos (o autor diz, corretamente, ``heurísticas'') 
de aproximação para problema {NP}-completos. [Feofiloff]}
}

@Article{JohnsonLR78,
   author   = {D.S.\ Johnson and J.\ Lenstra and A.\ {Rinnooy Kan}},
   journal  = {Networks},
   pages    = {279--285},
   title    = {The Complexity of the Network Design Problem},
   volume   = {8},
   year     = {1978}
}

@Article{JohnsonPY88,
   author   = {D.S.\ Johnson  and C.H.\ Papadimitriou and M.\ Yannakakis},
   journal  = {Journal of Computer and System Science},
   pages    = {79--100},
   title    = {How easy is local search?},
   volume   = {37},
   year     = {1988}
}

@Article{Johnson92,
   author   = {D.S.\ Johnson},
   journal  = {Journal of Algorithms},
   pages    = {502--524},
   title    = {The {NP}-completeness column: an ongoing guide; {T}he tale of the second prover},
   volume   = {13},
   year     = {1992}
}

@Book{Johnson87,
  author =	 {M.E.\ Johnson},
  title = 	 {Multivariate Statistical Simulation},
  publisher = 	 {John Wiley},
  year = 	 {1987},
  nota =	 {},
  annote =	 {Geração de várias distribuições. Em particular,
                 pontos uniformemente distribuídos na esfera n-dimensional
                 (método de Box-Muller).}
}

@inproceedings{JohnsonMP00,
    author = "D.S.\ Johnson and M.\ Minkoff and S.\ Phillips",
    title = "The prize collecting {S}teiner tree problem: theory and practice",
    booktitle = "Symposium on Discrete Algorithms",
    pages = "760--769",
    year = "2000",
    url = "citeseer.nj.nec.com/johnson00prize.html"}

@InCollection{JungerRR95,
    AUTHOR = {M.\ J{\"u}nger and G.\ Reinelt and G.\ Rinaldi},
     TITLE = {The traveling salesman problem},
 BOOKTITLE = {Network Models},
    Editor = {M.O.~Ball and T.L.~Magnanti and C.L.~Monma and G.L.~Nemhauser},
     PAGES = {225--330},
 PUBLISHER = {North-Holland},
  AADDRESS = {Amsterdam},
   vvolume = {7},
    sserie = {Handbooks in Operations Research and Management Science},
      YEAR = {1995}
}


%KKK

@PhDThesis{Kann92,
   author   = {V.\ Kann},
   title    = {On the Approximability of {NP}-complete Optimization Problems},
   school   = {Royal Institute of Technology},
   department = {Department of Numerical Analysis and Computing Science},
   fulladdress = {S-100 44 Stockolm, Sweden},
   address = {Sweden},
   type    = {Ph{D} {T}hesis},
   year    = {1992},
   mmonth  = {May}
}

@Article{Kann94,
   author  = {V.\ Kann},
   journal = {Nordic Journal of Computing},
   pages   = {317--331},
   title   = {Polynomially Bounded Minimization Problems that are Hard to Approximate},
   volume  = {1},
   year    = {1994}
}

@InBook{KannP97,
  author =	 {V.\ Kann and A.\ Panconesi},
  title = 	 {Hardness of approximation },
  chapter = 	 {2},
  crossref =     {DellamicoMM97}
}

@InProceedings{KargerKSTY99,
    AUTHOR = {D.R.\ Karger and P.\ Klein and C.\ Stein and M.\ Thorup and N.E.\ Young},
     TITLE = {Rounding algorithms for a geometric embedding of minimum
              multiway cut},
 BOOKTITLE = {Proceedings of the 31st Annual ACM Symposium on 
                 Theory of Computing (STOC)},
     PAGES = {668--678},
      YEAR = {1999},
}

@InProceedings{KargerMS94,
  author = 	 {D.\ Karger and R.\ Motwani and M.\ Sudan},
  title = 	 {Approximate graph coloring by semidefinite programming},
  booktitle = 	 {Proceedings of the 35th Symposium on Foundations of Computer Science (FOCS)},
  year =	 {1994},
  pages =	 {2--13}
}

@Article{KargerMS98,
    author = "D.\ Karger and R.\ Motwani and M.\ Sudan",
    title = "Approximate graph coloring by semidefinite programming",
    journal = "Journal of the ACM",
    volume = "45",
    number = "2",
    pages = "246--265",
    year = "1998"
}

@Misc{Karloff96,
  author =	 {H.\ Karloff},
  title =	 {Approximation Algorithms},
  howpublished = {Course presented at the {\em X Escola de Computação}},
  address =      {Campinas, Brasil},
  year =	 {1996},
  mmonth =	 {Julho},
  nota =	 {Unicamp -- Brazil},
}



@InProceedings{Karloff96a,
  author = 	 {H.\ Karloff},
  title = 	 {How good is the {G}oemans-{W}illiamson {\SC{MAX CUT}} algorithm?},
  booktitle = 	 {Proceedings of the 28th Annual ACM Symposium on the Theory of Computing (STOC)},
  pages =	 {427--434},
  year =	 {1996},
}

@InProceedings{KarloffZ97,
  author = 	 {H.\ Karloff and U.\ Zwick},
  title = 	 {A $7/8$-approximation for {\SC{MAX 3-SAT}}?}, 
  booktitle = 	 {Proceedings of 38th Annual Symposium on Foundations of Computer Science (FOCS)},
  year =	 1997,
  PAGES =	 {406--415},
  note  = {URL: \texttt{http://www.math.tau.ac.il/\~\null zwick/}}
}

@Article{Karmarkar84,
  author =    {N.\ Karmarkar},
  title =     {A new polynomial-time algorithm for linear programming},
  journal =   {Combinatorica},
  year =      {1984},
  volume =    {4},
  pages =     {373--395},
}

@InCollection{Karp72,
  author = 	 {R.M.\ Karp},
  title = 	 {Reducibility among combinatorial problems},
  booktitle = 	 {Complexity of Computer Computations},
  pages = 	 {85--103},
  editor =       {R.E.\ Miller and J.M.\ Thatcher},
  year = 	 {1972},
  aaddress = 	 {New York},
  publisher =    {Plenum}
}

@Article{Karp75,
  author = 	 {R.M.\ Karp},
  title = 	 {On the computational complexity of combinatorial problems},
  journal = 	 {Networks},
  year = 	 {1975},
  volume = 	 {5},
  pages = 	 {45--68},
}

@Article{Karp91,
  author = 	 {R.M.\ Karp},
  title = 	 {An introduction to randomized algorithms},
  journal = 	 {Discrete Applied Mathematics},
  year = 	 {1991},
  volume = 	 {34},
  pages = 	 {165--201},
}

@InProceedings{KarpK82,
  author = 	 {R.M.\ Karp and N.\ Karmarkar},
  title = 	 {An efficient approximation scheme for the one-dimensional bin-packing problem},
  booktitle = 	 {Proceedings of the 23rd Annual Symposium on Foundations of Computer Science (FOCS)},
  pages = 	 {312--320},
  year = 	 {1982},
}

@Article{KarpP82,
  author = 	 {R.M.\ Karp and C.H.\ Papadimitriou},
  title = 	 {On linear characterizations of combinatorial
                  optimization problems},
  journal = 	 {SIAM Journal on Computing},
  year = 	 1982,
  volume =	 11,
  pages =	 {620--632}
}

@Article {KellererP99,
    AUTHOR = {H.\ Kellerer and U.\ Pferschy},
     TITLE = {A new fully polynomial time approximation scheme for the
              knapsack problem},
   JOURNAL = {Journal of Combinatorial Optimization},
    VOLUME = {3},
      YEAR = {1999},
    NUMBER = {1},
     PAGES = {59--71},
}

@Article{Khachiyan79,
    AUTHOR    = {L.G.\ Khachiyan},
    TITLE     = {A polynomial algorithm for linear programming},
    JOURNAL   = {Soviet Mathematical Doklady},
    VOLUME    = {20},
    year      = {1979}, 
    PAGES     = {191--194},
  ANNOTE      = {\textsl{Translation of Doklady Akademii Nauk SSSR, vol.244,
                  p.1093--1096}}
}

@InProceedings{KhannaM96,
   author     = {S.\ Khanna and R.\ Motwani},
   booktitle  = {Proceedings of the 28th Annual ACM Symposium on Theory of Computing (STOC)},
   title      = {Towards a syntactic characterization of {\SC{PTAS}}},
   year       = {1996}
}


@InProceedings{KhannaMSV94,
   author     = {S.\ Khanna and R.\ Motwani and M.\ Sudan and U.\ Vazirani},
   booktitle  = {Proceedings of the 35th Annual Symposium on Foundations of Computer Science (FOCS)},
   pages      = {819--830},
   title      = {On syntatic versus computational views of approximability},
   year       = {1994}
}

@article {KhannaMSV99,
    AUTHOR = {S.\ Khanna and R.\ Motwani and M.\ Sudan and U.\ Vazirani},
     TITLE = {On syntactic versus computational views of approximability},
   JOURNAL = {SIAM Journal on Computing},
    VOLUME = {28},
      YEAR = {1999},
    NUMBER = {1},
     PAGES = {164--191},
     nota  = {paginas eletronicas}
}

@Article{KhullerV94,
   author     = {S.\ Khuller and U.\ Vishkin},
   journal    = {Journal of the ACM},
   number     = {2},
   pages      = {214--235},
   title      = {Biconnectivity approximations and graph carvings},
   volume     = {41},
   year       = {1994}
}

@InProceedings{KhullerS96,
  author = 	 {S.\ Khuller and Y.\ Sussmann},
  title = 	 {The capacitated $k$-center problem},
  booktitle = 	 {Fourth Annual European Symposium on Algorithms},
  pages = 	 {152--166},
  year = 	 {1996},
  editor = 	 {J.\ Diaz and M.\ Serna},
  volume = 	 {1136},
  series = 	 {Lecture Notes in Computer Science},
  aaddress = 	 {Barcelona, Spain},
  mmonth = 	 {September},
  publisher    = {Springer},
}

@InProceedings{KhullerPS97,
   author    = {S.\ Khuller and R.\ Pless and Y.\ Sussmann},
   booktitle = {3rd.\ Italian Conference on Algorithms and Complexity (CIAC)},
   year      = {1997},
   note      = {URL: \texttt{http://www}
               \texttt{.cs.umd.edu/\~\null samir/grant/career.html.}},
   title     = {Fault tolerant $k$-center problems}
}

@Article{KhullerR96,
   author   = {S.\ Khuller and B.\ Raghavachari},
   title    = {Improved Approximation Algorithms for Uniform Connectivity Problems},
   journal  = {Journal of Algorithms},
   year     = {1996},
   volume   = {21},
   number   = {2},
   pages    = {434--450},
   mmonth   = {May},
   nota     = {27th Symposium on Theory of Computing (STOC)}
}

@article{Klein94, 
    AUTHOR = {P.\ Klein},
     TITLE = {A data structure for bicategories, with application to speeding up an approximation algorithm}, 
   JOURNAL = {Information Processing Letters},
    VOLUME = {52},
      YEAR = {1994},
    NUMBER = {6},
     PAGES = {303--307},
}

@Article{KleinRAR95,
    AUTHOR = {P.\ Klein and S.\ Rao and A.\ Agrawal and R.\ Ravi},
     TITLE = {An approximate max-flow min-cut relation for undirected
              multicommodity flow, with applications},
   JOURNAL = {Combinatorica},
    VOLUME = {15},
      YEAR = {1995},
    NUMBER = {2},
     PAGES = {187--202},
}

@Article{KleinPRT97,
    AUTHOR = {P.N.\ Klein and S.A.\ Plotkin and S.\ Rao and E.\ Tardos},
     TITLE = {Approximation algorithms for {S}teiner and directed multicuts},
   JOURNAL = {Journal of Algorithms},
    VOLUME = {22},
      YEAR = {1997},
    NUMBER = {2},
     PAGES = {241--269},
}

@Unpublished{KleinbergG95,
   author   = {J.\ Kleinberg and M.\ Goemans},
   mmonth   = {April},
   note     = {Manuscript},
   title    = {The {Lo}v\'{a}sz theta function and a semidefinite programming relaxation of vertex cover},
   year     = {1995}
}

@Article{KleinbergG98,
  AUTHOR  = {J.\ Kleinberg and M.X.\ Goemans},
  TITLE   = {The {L}ov\'asz theta function and a semidefinite programming
              relaxation of vertex cover},
  JOURNAL = {SIAM Journal on Discrete Mathematics},
   VOLUME = {11},
     YEAR = {1998},
   NUMBER = {2},
    PAGES = {196--204},
}

@Article{KleitmanW91,
  author = 	 {D.\ Kleitman and D.\ West},
  title = 	 {Spanning trees with many leaves},
  journal = 	 {SIAM Journal on Discrete Mathematics},
  year = 	 {1991},
  volume = 	 {4},
  number = 	 {1},
  pages = 	 {99--106},
  mmonth = 	 {February},
}

@TechReport{KlerkPW00,
  author = 	 {E.\ de Klerk and D.V.\ Pasechnik and J.P.\ Warners},
  title = 	 {On approximate graph colouring and MAX-$k$-CUT algorithms based on the theta-function},
  institution =  {Delft University of Technology},
  department =   {Faculty of Information Technology and Systems},
  year = 	 {2000},
  type = 	 {Technical Report},
  mmonth =	 {October },
}

@Book{Knuth68,
  author =       {D.E.\ Knuth},
  title =        {Fundamental Algorithms},
  publisher =    {Addison-Wesley},
  year =         {1968},
  volume =       {1}, 
  series =       {The Art of Computer Programming},
  nota =         {Texto fundamental e referência obrigatória
                  sobre algoritmos.},
}

@Book{Knuth81,
  author =       {D.E.\ Knuth},
  title =        {Seminumerical Algorithms},
  publisher =    {Addison-Wesley},
  year =         {1981},
  volume =       {2}, 
  series =       {The Art of Computer Programming},
  edition    =   {2.\ },
  nota =         {Texto fundamental e referência obrigatória
                  sobre geradores de números aleatórios 
                  e aritmética computacional. [Feofiloff]},
}

@Book{Knuth93,
  author =       {D.E.\ Knuth},
  title =        {The Stanford GraphBase: A Platform for Combinatorial Computing},
  publisher =    {ACM Press},
  year =         {1993},
}

@Book{Knuth98,
  author =       {D.E.\ Knuth},
  title =        {Seminumerical Algorithms},
  publisher =    {Addison-Wesley},
  year =         {1998},
  volume =       {2}, 
  series =       {The Art of Computer Programming},
  edition    =   {3.\ },
  nota =         {Texto fundamental e referência obrigatória
                  sobre geradores de números aleatórios 
                  e aritmética computacional. [Feofiloff]},
}

@Book{KnuthL94,
  author = 	 {D.E. Knuth and S. Levy},
  title = 	 {The CWEB System of Structured Documentation},
  publisher = 	 {Addison-Wesley},
  year = 	 1994
}

@COMMENT{Imported form SteinLib http://elib.zib.de/steinlib}
@TECHREPORT{KochMV00,
   author      = "T. Koch and A. Martin and S. {Vo\ss}",
   title       = "{SteinLib}: An Updated Library on Steiner Tree Problems in Graphs",
   institution = "Konrad-Zuse-Zentrum {f\"ur} Informationstechnik Berlin",
   number      = "ZIB-Report 00-37",
   address     = "Takustr. 7, Berlin",
   year        = "2000",
   url         = "http://elib.zib.de/steinlib",
}

@InProceedings{KolaitisT91,
   author    = {P.\ Kolaitis and M.\ Thakur},
   booktitle = {Proceedings of the 6th Structure in Complexity Theory Conference},
   pages     = {353--366},
   publisher = {IEEE Computer Society Press},
   title     = {Approximation properties of {NP} minimization classes},
   year      = {1991}
}

@Book{KohayakawaS95,
  author =       "Y.\ Kohayakawa and J.\ Soares",
  title =        "Demonstrações Transparentes e a Impossibilidade
                  de Aproximações",
  publisher =    {IMPA},
  year =         1995,
  series =       "Livro do {XX} Col{\'o}quio Brasileiro de
                  Matem{\'a}tica",
 aaddress =      "Rio de Janeiro",
}

@Unpublished{KohayakawaMRW0x,
  author     = {Y.\ Kohayakawa and F.K.\ Miyazawa and P.\ Raghavan and Y.\ Wakabayashi},
  title      = {Multidimensional cube packing},
  note       = {submetido}
}

@Article{Kojima97,
  author = 	 {M.\ Kojima},
  title = 	 {Interior-point methods for semidefinite programming},
  journal = 	 {Mathematical Programming},
  year = 	 {1997},
  pages =	 {???--???},
}

@Article{KolaitisT94,
   author   = {P.\ Kolaitis and M.\ Thakur},
   title    = {Logical definability of {NP} optimization problems},
   journal  = {Information and Computation},
   volume   = {115},
   number   = {2},
   mmonth   = {December},
   pages    = {321--353},
   type     = {Computer and Information Sciences},
   year     = {1994}
}

@InCollection{KorteS81,
   author    = {B.\ Korte and R.\ Schrader},
   booktitle = {Nonlinear Programming},
   pages     = {415--437},
   publisher = {Academic Press},
   title     = {On the existence of fast approximation schemes},
   year      = {1981}
}

@Article{Krentel88,
   author    = {M.\ Krentel},
   journal   = {Journal of Computer and System Sciences},
   pages     = {490--509},
   title     = {The complexity of optimization problems},
   volume    = {36},
   year      = {1988}
}

@Article{Kuhn55,
  author = 	 {H.W.\ Kuhn},
  title = 	 {The {H}ungarian method for the assignment problem},
  journal = 	 {Naval Research Logistics Quarterly},
  year = 	 {1955},
  volume =	 {2},
  pages =	 {83--97},
}


%LLL

@Book{Lawler76,
  author    = {E.L.\ Lawler},
  publisher = {Holt, Rinehart and Winston},
  title     = {Combinatorial Optimization: Networks and Matroids},
  year      = {1976},
  nota      = {Já está um tanto desatualizado. [Feofiloff]}
}


@Article{Lawler79,
  author = 	 {E.L.\ Lawler},
  title = 	 {Fast approximation algorithms for knapsack problems},
  journal = 	 {Mathematics of Operations Research},
  year = 	 {1979},
  volume = 	 {4},
  number = 	 {4},
  pages = 	 {339--356},
}

@Book{LawlerLRS85,
     TITLE = {The Traveling Salesman Problem:
                A Guided Tour of Combinatorial Optimization},
    EDITOR = {E.L.\ Lawler and J.K.\ Lenstra and A.H.G.\ {Rinnooy Kan} and
              D.B.\ Shmoys},
      NOTE = {Reprint of the 1985 original},
    sSERIE = {Wiley-Interscience},
 PUBLISHER = {John Wiley},
  AADDRESS = {Chichester},
      YEAR = {1990},
     PAGES = {x+473},
}

@Article{LeightonR99,
    AUTHOR = {T.\ Leighton and S.\ Rao},
     TITLE = {Multicommodity max-flow min-cut theorems and their use in
              designing approximation algorithms},
   JOURNAL = {Journal of the ACM},
    VOLUME = {46},
      YEAR = {1999},
    NUMBER = {6},
     PAGES = {787--832},
}

@Book{LenstraRS91,
  editor    = {J.K.\ Lenstra and A.H.G.\ {Rinnooy Kan} and A.\ Schrijver},
  title     = {History of Mathematical Programming: A Collection of Personal Reminiscences},
  publisher = {North-Holland},
  year      = {1991},
  nota      = {Interessante coletânea sobre a história da programação linear,
com artigos de pesquisadores como G.\ Dantzig e J.\ Edmonds. [Feofiloff]}
}

@Book{LenstraS98,
     TITLE = {Networks and matroids; {S}equencing and scheduling},
    EDITOR = {J.K.\ Lenstra and D.\ Shmoys},
      NOTE = {Dedicated to the memory of Eugene L.\ Lawler,
              Math.\ Programming {\bf 82} (1998), no.\ 1-2, Ser.\ B},
 PUBLISHER = {North-Holland},
  aADDRESS = {Amsterdam},
      YEAR = {1998},
}

@Article{Levin73,
  author = 	 {L.A.\ Levin},
  title = 	 {Universal sorting problems},
  journal = 	 {Problems of Information Transmission},
  year = 	 1973,
  volume =	 9,
  pages =	 {265--266},
annote =	 {\textsl{Translation of Problemy Peredaci Informacii,
                   vol.9, p.265--266}}
}

@Article{LinK73,
  author =       {S.\ Lin and B.W.\ Kernighan},
  title =        {An effective heuristic algorithm for the 
                   traveling salesman problem},
  journal =      {Operations Research},
  year =         {1973},
  volume =       {21},
  pages =        {498--516}
}

@Article{LinialLR95,
    AUTHOR = {N.\ Linial and E.\ London and Y.\ Rabinovich},
     TITLE = {The geometry of graphs and some of its algorithmic
              applications},
   JOURNAL = {Combinatorica},
    VOLUME = {15},
      YEAR = {1995},
    NUMBER = {2},
     PAGES = {215--245},
}

@Book{Lovasz79,
   author    = {L.\ {Lov\'{a}sz}},
   publisher = {North-Holland},
   title     = {Combinatorial Problems and Exercises},
   year      = {1979},
   nota      = {Aprenda teoria dos grafos resolvendo problemas.
                 Uma extensa e bem organizada coleção de problemas básicos
                (mas não triviais). Inclui sugestões e soluções. [Feofiloff]}
}

@InCollection{Lovasz01,
   author    = {L.\ {Lov\'{a}sz}},
   booktitle = {Brazilian Summer School on Combinatorics and Algorithms},
   pages     = {1--58},
   publisher = {CIMPA},
   city      = {Fortaleza},
   title     = {Semidefinite programs and combinatorial optimization},
   year      = {2001},
  note       = {A ser publicado pela Springer.}
}

@Article{Lovasz75,
  author = 	 {L.\ {Lov\'{a}sz}},
  title = 	 {On the ratio of optimal integral and fractional covers},
  journal = 	 {Discrete Mathematics},
  year = 	 {1975},
  volume = 	 {13},
  number =       {4},
  pages = 	 {383--390},
}


@Book{LovaszP86,
  author =	 {L.\ {Lov\'{a}sz} and M.D.\ Plummer},
  title = 	 {Matching Theory},
  publisher = 	 {Elsevier},
  year = 	 1986,
  aaddress =	 {Amsterdam}
}

@Book{LancasterT85,
    AUTHOR    = {P.\ Lancaster and M.\ Tismenetsky},
    TITLE     = {The Theory of Matrices},
    EDITION   = {Second, with Applications},
    PUBLISHER = {Academic Press}, 
    YEAR      = {1985},
    ANNOTE    = {Citado pelo Schrijver. Decomposição de Cholesky.}  
}

@InProceedings{LuR92,
  author = 	 {H.\ Lu and R.\ Ravi},
  title = 	 {The power of local optimization: approximation algorithms for maximum-leaf spanning tree},
  booktitle = 	 {Proc.\ 30th Annual Allerton Conference on Communication, Control and Computing},
  pages = 	 {533--542},
  year = 	 {1992},
}

@Article{Luby86,
  AUTHOR = {M.\ Luby},
   TITLE = {A simple parallel algorithm for the maximal independent set
              problem},
 JOURNAL = {SIAM Journal on Computing},
  VOLUME = {15},
    YEAR = {1986},
  NUMBER = {4},
   PAGES = {1036--1053},
}

@TechReport{LubyW95,
  author = 	 {M.\ Luby and A.\ Wigderson},
  title = 	 {Pairwise independence and derandomization},
  institution =  {International Computer Science Institute},
  year = 	 {1995},
  number = 	 {TR-035},
}

@Article{LundY94,
  author = 	 {C.\ Lund and M.\ Yannakakis},
  title = 	 {On the hardeness of approximating minimization problems},
  journal = 	 {Journal of the ACM},
  year = 	 1994,
  volume =	 41,
  pages =	 {960--981}
}



%MMM

@InProceedings{MahajanR95,
  author = 	 {S.\ Mahajan and H.\ Ramesh},
  title = 	 {Derandomizing semidefinite  programming based approximation algorithms},
  booktitle = 	 {Proceedings of the 36th Annual Symposium on Foundations of Computer Science (FOCS)},
  pages =	 {162--169},
  year =	 {1995}
 }

@Book{Manber89,
   author     = {U.\ Manber},
   aaddress   = {Reading},
   publisher  = {Addison-Wesley},
   title      = {Introduction to Algorithms: A Creative Approach},
   year       = {1989},
   nota       = {Texto básico de análise de algoritmos,
                 em nível de graduação. (Veja também\ \cite{CormenLR92}.)
                [Feofiloff]}
}

@Article{Marchetti-SpaccamelaR85,
   author   = {A.\ Marchetti-Spaccamela and S.\ Romano},
   journal  = {Information Processing Letters},
   title    = {On different approximation criteria for subset product problems},
   volume   = {21},
   number   = {4},
   year     = {1985},
   pages    = {213--218}
}

@book {MartelloT90,
    AUTHOR = {S.\ Martello and P.\ Toth},
     TITLE = {Knapsack Problems: Algorithms and Computer Implementations},
 PUBLISHER = {John Wiley},
  aADDRESS = {Chichester},
      YEAR = {1990},
     PAGES = {xii+296},
}

@InProceedings{MatuuraM01,
  author =   {S.\ Matuura and T\ Matsui},
  title =    {0.863-Approximation Algorithm for {\SC{MAX DICUT}}},
 BOOKTITLE = {Approximation Algorithms for Combinatorial Optimization},
    series = {Lecture Notes in Computer Science},
 PUBLISHER = {Springer},
  AADDRESS = {Berlin},
  note     = {A ser publicado},
}

@Book{MayrPS98,
  editor = 	 {E.\ Mayr and H.J.\ {Pr\"{o}mel} and A.\ Steger},
  title = 	 {Lectures on Proof Verification and Approximation Algorithms},
  series =       {Lecture Notes in Computer Science},
  volume =       {1367},
  publisher = 	 {Springer},
  year = 	 {1998},
}

@MastersThesis{Minkoff00,
  author = 	 {M.\ Minkoff},
  title = 	 {The prize-collecting {S}teiner tree problem},
  school = 	 {Massachusetts Institute of Technology},
  year = 	 {2000},
}

@Article{Minoux89,
  author   = {M.\ Minoux},
  journal  = {Networks},
  pages    = {313--360},
  title    = {Network Synthesis and Optimum Network Design Problems: Models, Solution Methods and Applications},
  volume   = {19},
   year     = {1989}
}

@article {Mitchell99,
    AUTHOR = {J.S.B.\ Mitchell},
     TITLE = {Guillotine subdivisions approximate polygonal subdivisions: a
              simple polynomial-time approximation scheme for geometric
              {\SC{TSP}}, $k$-{\SC{MST}}, and related problems},
   JOURNAL = {SIAM Journal on Computing},
    VOLUME = {28},
      YEAR = {1999},
    NUMBER = {4},
     PAGES = {1298--1309},
}

@PhDThesis{Miyazawa97,
  author =	 {F.K.\ Miyazawa},
  title =	 {Algoritmos de Aproximação para Problemas de Empacotamento},
  school = 	 {Universidade de São Paulo},
  department   = {IME},
  year = 	 {1997},
  type =	 {Tese de doutorado},
  mmonth =	 {Novembro},
  nota =	 {},
  annote =	 {}
}

@Article{MiyazawaW97,
  author = 	 {F.K.\ Miyazawa and Y.\ Wakabayashi},
  title = 	 {An algorithm for the three-dimensional packing
                  problem with asymptotic performance analysis}, 
  journal =      {Algorithmica},
  year =         {1997},
  volume =	 {18},
  number =	 {1},
  pages =	 {122--144}
}

@Article{MiyazawaW00,
  author = 	 {F.K.\ Miyazawa and Y.\ Wakabayashi},
  title = 	 {Approximation algorithms for the orthogonal $z$-oriented
                  3-{D} packing problem}, 
  journal =      {SIAM Journal on Computing},
  year =         {2000},
  volume =	 {29},
  number =	 {3},
  pages =	 {1008--1029}
}


@InProceedings{MiyazawaW00a,
  author = 	 {F.K.\ Miyazawa and Y.\ Wakabayashi},
  title = 	 {Cube Packing},
  booktitle =	 {Proc.\ 4th Latin American Theoretical INformatics},
  series =	 {Lecture Notes in Computer Science},
  volume =	 {1776},
  publisher =	 {Springer},
  year =	 {2000},
  pages =	 {58--67},
  fulladdress =  {Punta del Este, Uruguay},
  aaddress =     {Uruguay}
}


@Unpublished{MiyazawaW0y,
  author =  {F.K.\ Miyazawa and Y.\ Wakabayashi},
  title =   {Parametric On-Line Algorithms for Packing Rectangles and Boxes},
  note =    {submetido}
}

@Article{MorganL77,
   author   = {H.\ Morgan and K.\ Levin},
   journal  = {Communications of the ACM},
   pages    = {315--322},
   title    = {Optimal program and data locations in computer networks},
   volume   = {20},
   year     = {1977}
}

@TechReport{Motwani92,
  author = 	 {R.\ Motwani},
  title = 	 {Lectures Notes on Approximation Algorithms},
  institution =  {Stanford University},
  department =   {Department of Computer Science},
  year = 	 {1992},
  type = 	 {Technical Report},
  number =	 {STAN-CS-92-1435},
}

@Book{MotwaniR95,
  author = 	 {R.\ Motwani and P.\ Raghavan},
  title = 	 {Randomized Algorithms},
  publisher = 	 {Cambridge University Press},
  year = 	 {1995},

}

@InBook{MotwaniNR97,
  author = 	 {R.\ Motwani and J.\ Naor and P.\ Raghavan},
  title = 	 {Randomized approximation algorithms in combinatorial optimization},
  crossref = 	 {Hochbaum97},
  type =	 {Chapter},
  chapter = 	 {11},
}

@InProceedings{MurthyK83,
   author =    {K.\ Murthy and J.\ Kam},
   booktitle = {Proceedings of 2nd ACM Symposium on Principles of Database Systems},
   pages =     {258--266},
   title =     {An approximation algorithm to the file allocation problem in computer networks},
   year =      {1983}
}


%NNN
@Article{NemhauserT75,
   author =   {G.\ Nemhauser and  L.\ Trotter},
   journal =  {Mathematical  Programming},
   pages =    {232--248},
   title =    {Vertex packing: structural properties and algorithms},
   volume =   {8},
   year =     {1975}
}

@Book{NesterovN94,
  author =	 {Y.\ Nesterov and A.\ Nemirovskii},
  title = 	 {Interior Points Polynomial Methods in Convex Programming},
  publisher = 	 {SIAM},
  year = 	 {1994},
  aaddress =	 {Philadelphia, PA},
}

@InProceedings{Nisan96,
  author = 	 {N.\ Nisan},
  title = 	 {Extracting randomness: How and why - A survey},
  booktitle = 	 {Proceedings of the 11th IEEE Symposium on Structure in Complexity Theory},
  year = 	 {1996},
}

%OOO

@TechReport{OrponenM87,
   author      = {P.\ Orponen and H.\ Mannila},
   institution = {University of Helsinki},
   department  = {Department of Computer Science},
   number      = {C-28},
   title       = {On Approximation Preserving Reductions: 
                        Complete Problems and Robust Measures},
   type        =  {Technical Report},
   year        = {1987}
}


%PPP

@Book{Padberg99,
  author =	 {M.\ Padberg},
  title = 	 {Linear Optimization and Extensions},
  publisher = 	 {Springer},
  year = 	 {1999},
  vvolume =	 {12},
  sseries =	 {Algorithms and Combinatorics},
  edition =	 {2.\ rev.\ exp.},
  nota =	 {},
  annote =	 {Citado por Lovasz em Fortaleza como referencia 
                  de prog linear.}
}

@Article{PanconesiR93,
   author    = {A.\ Panconesi and D.\ Ranjan},
   journal   = {Theoretical Computer Science},
   pages     = {145--163},
   title     = {Quantifiers and approximation},
   volume    = {107},
   year      = {1993}
}

@Book{Papadimitriou94,
   author    = {C.H.\ Papadimitriou},
   aaddress  = {Reading},
   publisher = {Addison-Wesley},
   title     = {Computational Complexity},
   year      = {1994}
}

@Book{PapadimitriouS82,
  author =       {C.H.\ Papadimitriou and K.\ Steiglitz},
  title =        {Combinatorial Optimization: Algorithms and Complexity},
  publisher =    {Prentice-Hall},
  year =         {1982},
}

@Book{PapadimitriouS98,
  author =       {C.H.\ Papadimitriou and K.\ Steiglitz},
  title =        {Combinatorial Optimization: Algorithms and Complexity},
  publisher =    {Dover},
  year =         {1998},
  note =         {\textsl{Second printing}},
}

@InProceedings{PapadimitriouV00,
  author =       {C.H.\ Papadimitriou and S.\ Vempala},
  title =        {On the approximability of the traveling salesman problem},
  booktitle =    {Proceedings of the 32nd Annual ACM Symposium on
Theory of Computing (STOC)},
  year =         {2000},
  pages =        {126--133}
}

@Article{PapadimitriouY84,
   author      = {C.H.\ Papadimitriou and M.\ Yannakakis},
   journal     = {Journal of Computer and System Sciences},
   pages       = {244--259},
   title       = {The complexity of facets (and some facets of complexity)},
   year        = {1984}
}

@Article{PapadimitriouY91,
   author      = {C.H.\ Papadimitriou and M.\ Yannakakis},
   journal     = {Journal of Computer and System Sciences},
   pages       = {425--440},
   title       = {Optimization, approximation and complexity classes},
   volume      = {43},
   year        = {1991}
}

@Article{PapadimitriouY93,
  author = 	 {C.H.\ Papadimitriou and M.\ Yannakakis},
  title = 	 {The traveling salesman problem with distances one and two},
  journal = 	 {Math.\ Oper.\ Res.},
  year = 	 {1993},
  volume = 	 {18},
  pages = 	 {1--11},
}

@Article{PayanTX84,
  author = 	 {C.\ Payan and M.\ Tchuente and N.\ Xuong},
  title = 	 {Arbres avec un nombres maximum de sommets pendants},
  journal = 	 {Discrete Mathematics},
  year = 	 {1984},
  volume = 	 {49},
  pages = 	 {267--273},
}

@Article{PazM81,
   author    = {A.\ Paz and S.\ Moran},
   journal   = {Theoretical Computer Science},
   pages     = {251--277},
   title     = {Non deterministic polynomial optimization problems and their approximations},
   volume    = {15},
   year      = {1981}
}

@Article{PetersR87,
   author   = {J.\ Peters and L.\ Rudolph},
   journal  = {Acta Informatica},
   pages    = {417--432},
   title    = {Parallel approximation schemes for subset sum and knapsack problems},
   year     = {1987}
}

@Article{Plesnik81,
  author    = {J.\ {Plesn\'{\i}k}},
  title     = {The complexity of designing a network with minimum diameter},
  journal   = {Networks},
  year      = {1981},
  volume    = {11},
  pages     = {77--85},
}

@Book{PreparataS85,
  author =       {F.P.\ Preparata and M.I.\ Shamos},
  title =        {Computational Geometry: An Introduction},
  publisher =    {Springer},
  year =         1985,
  sseries =       {Texts and Monographs in Computer Science},
  aaddress =     {New York}
} 

%QQQ

%RRR

@Article{RaghavanT87,
  author =       {P.\ Raghavan and C.D.\ Thompson},
  title =        {Randomized rounding},
  journal =      {Combinatorica},
  year =         1987,
  volume =       7,
  pages =        {365--374}
}

@Article{Raghavan88,
  author = 	 {P.\ Raghavan},
  title = 	 {Probabilistic construction of deterministic algorithms:
                  Approximating packing integer programs},
  journal = 	 {Journal of Computer and System Sciences},
  abbreviated =  {Journal\ Comp.\ Syst.\ Sci.},
  year = 	 {1988},
  volume =	 {37},
  pages =	 {130--143},
  nota =	 {}
}

@Article {RajagopalanV99,
    AUTHOR = {S.\ Rajagopalan and V.V.\ Vazirani},
     TITLE = {Primal-dual {RNC} approximation algorithms for set cover
              and covering integer programs},
   JOURNAL = {SIAM Journal on Computing},
    VOLUME = {28},
      YEAR = {1999},
    NUMBER = {2},
     PAGES = {526--541},
      nota = {paginas eletronicas}
}

@InProceedings{RazS97,
  author    = {R.\ Raz and S.\ Safra},
  title     = {A sub-constant error-probability low-degree test, and a sub-constant error-probability {PCP} characterization of {NP}},
  booktitle = {Proceedings of the 29th Annual ACM Symposium on Theory of Computing (STOC)},
  pages     = {475--484},
  year      = {1997}
}

@Article{Ravi94,
    AUTHOR = {R.\ Ravi},
     TITLE = {A primal-dual approximation algorithm for the {S}teiner forest
              problem},
   JOURNAL = {Information Processing Letters},
    VOLUME = {50},
      YEAR = {1994},
    NUMBER = {4},
     PAGES = {185--189},
}

@InProceedings{RaviW95, 
 title     = {An approximation algorithm for minimum-cost vertex-connectivity
                problems}, 
 author    = {R.\ Ravi and D.P.\ Williamson}, 
 pages     = {332--341}, 
 booktitle = {Proceedings of the Sixth ACM-SIAM Symposium on Discrete Algorithms (SODA)}, 
 year      = {1995} 
} 

@Article{RaviW97,
    AUTHOR = {R.\ Ravi and D.P.\ Williamson},
     TITLE = {An approximation algorithm for minimum-cost
              vertex-connectivity problems},
   JOURNAL = {Algorithmica},
  FJOURNAL = {Algorithmica. An International Journal in Computer Science},
    VOLUME = {18},
      YEAR = {1997},
    NUMBER = {1},
     PAGES = {21--43},
 }

@Article{RosenkrantzSL77,
  author   = {D.J.\ Rosenkrantz and R.E.\ Stearns and P.M.\ Lewis},
  title    = {An analysis of several heuristics for the 
                 traveling salesman problem},
  journal  = {SIAM Journal on Computing},
  year     = {1977},
  volume   = {6},
  pages    = {563--581},
  annote =   {2-aprox para TSP metrico. Copiei o Cormen-Leiseron-Rivest.}
}

@Manual{Reinelt00,
  author   = {G.\ Reinelt},
  title    = {{\SC{TSPLIB}} -- A Library of Sample Instances for the {\SC{TSP}}},
  year     = 2000,
  note     = {URL: \texttt{http://www.iwr.uni-heidelberg.de/groups/comopt}
              \texttt{/software/TSPLIB95/}},
  url =  {http://www.iwr.uni-heidelberg.de/groups/comopt/software/TSPLIB95/}
}

@InProceedings{RobinsZ00,
 title     = {Improved steiner tree approximation in graphs}, 
 author    = {G.~Robins and A.~Zelikovsky}, 
 pages     = {770--779}, 
 booktitle = {Proceedings of the Tenth ACM-SIAM Symposium on 
                  Discrete Algorithms (SODA)}, 
 year      = {2000} 
}

%SSS

@Article{Sahni75,
  author = 	 {S.\ Sahni},
  title = 	 {Approximate algorithms for the 0/1 knapsack problem},
  journal = 	 {Journal of the ACM},
  year = 	 {1975},
  volume = 	 {22},
  number = 	 {1},
  pages = 	 {115--124},
}

@Article{SahniG76,
  author = 	 {S.\ Sahni and T.\ Gonzalez},
  title = 	 {P-complete approximation problems},
  journal = 	 {Journal of the ACM},
  year = 	 1976,
  volume =	 23,
  pages =	 {555--565}
}

@MastersThesis{Salgado96,
   author     = {L.\ Salgado},
   school     = {Universidade Federal de Pernambuco},
   department = {Departamento de Informática},
   address    = {Brasil},
   title      = {Aproximabilidade de Problemas de Otimização {NP}-Completos em Grafos},
   type       = {Dissertação de Mestrado},
   year       = {1996}
}

@InBook{Schieber93,
  author = 	 {B.\ Schieber},
  editor = 	 {J.H.\ Reif},
  title = 	 {Synthesis of Parallel Algorithms},
  chapter = 	 {6},
  publisher = 	 {Morgan Kaufmann Publishers, Inc.},
  year = 	 {1993},
  pages = 	 {259--273},
}

@Article{SchieberV88,
  author = 	 {B.\ Schieber and U.\ Vishkin},
  title = 	 {On finding lowest common ancestors: simplification and parallelization},
  journal = 	 {SIAM Journal on Computing},
  year = 	 {1988},
  volume = 	 {17},
  number = 	 {6},
  pages = 	 {1253--1262},
}

@Book{Schrijver86,
  author =	 {A.\ Schrijver},
  title = 	 {Theory of Linear and Integer Programming},
  publisher = 	 {John Wiley},
  year = 	 {1986},
  sseries =	 {Wiley-Interscience Series in Discrete Mathematics},
  aaddress =	 {Chichester},
  nota =         {Texto abrangente sobre algoritmos de 
                  programação linear e programação inteira.
                  (Veja também\ \cite{GrotschelLS93}.) [Feofiloff]}
}

@InCollection{Shmoys95,
   author    = {D.B.\ Shmoys},
   booktitle = {Special Year on Combinatorial Optimization},
   editor    = {W.\ Cook and L.\ {Lov\'{a}sz} and P.\ Seymour}, 
   publisher = {AMS},
   series    = {DIMACS Series in Discrete Math.\ and Theoretical Comput.\ Sci., 20},
   title     = {Computing near-optimal solutions to combinatorial optimization problems},
   year      = {1995}
}

@InBook{Shmoys97,
  author =       {D.B.\ Shmoys},
  title =        {Cut problems and their application to divide-and-conquer},
  crossref =     {Hochbaum97},
  type =         {Chapter},
  chapter =      {5},
}

@InProceedings{Shmoys98,
    AUTHOR = {D.B.\ Shmoys},
     TITLE = {Using linear programming in the design and analysis of
              approximation algorithms: two illustrative problems},
 BOOKTITLE = {Proceedings of the International Workshop on Approximation Algorithms for Combinatorial Optimization},
    editor = {K.\ Jansen and J.\ Rolin},
    series = {Lecture Notes in Computer Science},
    number = {1444}, 
     PAGES = {15--32},
 PUBLISHER = {Springer},
  AADDRESS = {Berlin},
      YEAR = {1998},
}

@Article{Simon90,
   author   = {U.\ Simon},
   journal  = {SIAM Journal on Discrete Mathematics},
   number   = {2},
   pages    = {294--310},
   title    = {On approximate solutions for combinatorial optimization problems},
   volume   = {3},
   year     = {1990}
}

@InProceedings{Skutella98,
  author = 	 {M.\ Skutella},
  title = 	 {Semidefinite relaxations for parallel machine scheduling},
  booktitle = 	 {Proceedings of the 39th Symposium on Foundations of Computer Science (FOCS)},
  year =	 {1998},
  pages =	 {472--481}
}

@InProceedings{SkutellaW99,
  author = 	 {M.\ Skutella and G.\ Woeginger},
  title = 	 {A {PTAS} for minimizing total weighted completion time on identical parallel machines},
  booktitle = 	 {Proceedings of the 39th Symposium on Foundations of Computer Science (STOC)},
  year =	 {1998},
  pages =	 {472--481}
}

@Misc{Skutella0x,
  author = 	 {M.\ Skutella},
  title = 	 {Convex quadratic and semidefinite programming relaxations in Scheduling}, 
  journal =      {Journal of the ACM},
  year =	 {1999},
  nota =         {A ser publicado}
}

@Article{Slavik97,
  author    = {P.\ Slavík},
  title     = {A tight analysis of the greedy algorithm for set cover},
  journal   = {Journal of Algorithms},
  volume    = {25},
  year      = {1997},
  pages     = {237--254}
}

@Article{Soares94,
  author    = {J.\ Soares},
  title     = {Approximating {E}uclidean distances by small degree graphs},
  journal   = {Discrete Comp.\ Geom.},
  volume    = {11},
  year      = {1994},
  pages     = {213--233},
  atrib = "IR" 
}

@Book{Spencer87,
   author    = {J.\ Spencer},
   aaddress  = {Philadelphia},
   publisher = {SIAM},
   title     = {Ten Lectures on the Probabilistic Method},
   year      = {1987}
}

@Article {Srinivasan99,
    AUTHOR = {A.\ Srinivasan},
     TITLE = {Improved approximation guarantees for packing and covering
              integer programs},
   JOURNAL = {SIAM Journal on Computing},
    VOLUME = {29},
      YEAR = {1999},
    NUMBER = {2},
     PAGES = {648--670},
      nota = {pagina eletronica}
}

@InCollection{Steger01,
  author =       {A.\ Steger},
  title =        {Approximability of {NP}-optimization problems},
  booktitle =    {Brazilian Summer School on Combinatorics and Algorithms},
  pages =        {59-115},
  city =         {Fortaleza},
  publisher =    {CIMPA},
  year =         2001,
  note      =    {A ser publicado pela Springer.}
}

@Article{Storer81,
  author = 	 {J.\ Storer},
  title = 	 {Constructing full spanning trees for cubic graphs},
  journal = 	 {Information Processing Letters},
  year = 	 {1981},
  volume = 	 {13},
  pages = 	 {8--11},
}

@Book{Strang80,
  author =	 {G.\ Strang},
  title = 	 {Linear Algebra and Its Applications},
  publisher = 	 {Academic Press},
  year = 	 {1980},
  edition =	 {2.\ },
  nota =	 {},
  annote =	 {Linear algebra textbook. Cited by Lovasz}
}

@InProceedings{Szegedy94,
   author      = {M.\ {Szeg\'{e}dy}},
   booktitle   = {Proceedings of the 35th  
                  Symposium on Foundations of Computer Science (FOCS)},
   pages       = {36--39},
   title       = {A note on the {T}heta number of {L}ov\'{a}sz and 
                    the generalized {D}elsarte bound},
   year        = {1994}
}

@Book{Szwarcfiter88,
   author    = {J.\ Szwarcfiter},
   edition   = {2.\ },
   publisher = {Campus},
   title     = {Grafos e Algoritmos Computacionais},
   year      = {1988}
}


%TTT

@Article{Tardos86,
  author = 	 {Éva Tardos},
  title = 	 {A strongly polynomial algorithm to solve 
                  combinatorial linear programs},
  journal = 	 {Operations Research},
  abbbreviated = {Oper.\ Res.},
  year = 	 {1986},
  volume =	 {34},
  pages =	 {250--256}
}

@PhDThesis{Trevisan96,
   author     = {L.\ Trevisan},
   school     = {Università di Roma ``La Sapienza''},
   department = {Dipartimento di Scienze dell'Informazione},
   title      = {Reductions and (Non-)Approximability},
   type       = {Ph{D} {T}hesis},
   year       = {1996}
}


%UUU


%VVV 

@Article{VanderbergheB96,
  author = 	 {L.\ Vanenberghe and S.\ Boyd},
  title = 	 {Semidefinite Programming},
  journal = 	 {SIAM Review},
  year = 	 {1996},
  volume =	 {38},
  pages =	 {49--95},
}

@Book{Vazirani01,
  author =	 {V.V.\ Vazirani},
  title = 	 {Approximation Algorithms},
  publisher = 	 {Springer},
  year = 	 {2001},
}


%WWW

@InProceedings{WilliamsonG94, 
  title       = {Computational experience with an approximation algorithm 
                  on large-scale {E}uclidean matching instances}, 
  author      = {D.P.\ Williamson and M.X.\ Goemans}, 
  pages       = {355--364}, 
  booktitle   = {Proceedings of the Fifth Annual ACM-SIAM Symposium on 
                  Discrete Algorithms (SODA)}, 
  year        = {1994}, 
} 

@InProceedings{WilliamsonGMV93, 
 title       = {A primal-dual approximation algorithm for 
                generalized {S}teiner network problems}, 
 author      = {D.P.\ Williamson and M.X.\ Goemans and M.\ Mihail 
                  and V.V.\ Vazirani}, 
 pages       = {708--717}, 
 booktitle   = {Proceedings of the 25th Annual ACM 
                Symposium on Theory of Computing (STOC)}, 
 year        = {1993}, 
} 

@Article{WilliamsonGMV95, 
 author   = {D.P.\ Williamson and M.X.\ Goemans and M.\ Mihail and V.V.\ Vazirani}, 
 title    = {A primal-dual approximation algorithm for 
             generalized {S}teiner network problems},
 pages    = {435--454},
 journal  = {Combinatorica}, 
 volume   = {15}, 
 year     = {1995}, 
} 

@PhDThesis{Williamson93,
  author = {D.P.\ Williamson},
  title  = {On the Design of Approximation Algorithms 
                  for a Class of Graph Problems},
  school = {Massachusetts Institute of Technology},
  year   = {1993},
  type   = {Ph{D} {T}hesis},
  mmonth = {September}
}

@TechReport{Williamson98,
  author = 	 {D.P.\ Williamson},
  title = 	 {Lecture Notes on Approximation Algorithms},
  institution =  {T.J.\ Watson Research Center (IBM Research Division)},
  year = 	 {1998},
  number = 	 {RC 21409},
  type = 	 {Technical Report},
  aaddress = 	 {Yorktown Heights, New York},
}

@Book{WolkowiczSV00,
  editor =	 {H.\ Wolkowicz and R.\ Saigal and L.\ Vandenberghe},
  title = 	 {Handbook of Semidefinite Programming: Theory, Algorithms, and Applications},
  publisher = 	 {Kluwer},
  year = 	 {2000},
  nota =	 {},
}


%XXX
%YYY

@Misc{YangYZ00,
    author = {H.\ Yang and Y.\ Ye and J.\ Zhang},
    title  = {An Approximation Algorithm for the Two-Parallel 
              Machines Scheduling Problem with Capacity Constraints},
    type   = {Working Paper},
    institution = {Department of Management Sciences, 
                  University of Iowa},
    year = {2000},
    note = {Working Paper. Department of Management Sciences, 
                  University of Iowa. URL: \texttt{http://citeseer.nj.nec.com/yang00approximation.html}},
     url = {citeseer.nj.nec.com/yang00approximation.html},
}

@InProceedings{Yannakakis90,
   author    = {M.\ Yannakakis},
   booktitle = {Proceedings of the 7th Annual Symposium of Theoretical Aspects of Computer Science},
   pages     = {298--311},
   title     = {The analysis of local search and their heuristics},
   year      = {1990}
}

@Article {Yannakakis94,
    AUTHOR = {M.\ Yannakakis},
     TITLE = {On the approximation of maximum satisfiability},
   JOURNAL = {Journal of Algorithms},
    VOLUME = {17},
      YEAR = {1994},
    NUMBER = {3},
     PAGES = {475--502},
}

@Misc{Ye00,
    author = {Y.\ Ye},
    title  = {Approximation Algorithm for Max-Bisection},
    note   = {Working paper. Department of Management Science, 
                 University of Iowa},
     year = {2000}
}

@Book{YoungG73,
  author = 	 {D.M.\ Young and R.T.\ Gregory},
  title = 	 {A Survey of Numerical Mathematics},
  publisher = 	 {Dover},
  year = 	 {1973},
  vvolume = 	 {2},
  nota = 	 {},
  annote = 	 {Choleski decomposition, p.826, short note.}
}


%ZZZ

@InProceedings{Zimand94,
   author    = {M.\ Zimand},
   title     = {Weighted {NP} optimization problems: Logical definability and approximation properties},
   booktitle = {Proceedings 10th Structure in Complexity Theory},
   iiiinstitution = {University of Rochester},
   mmonth    = {June},
   pages     = {12--28},
   type      = {Computer Science},
   year      = {1994}
}

@InProceedings{Zwick99,
    AUTHOR = {U.\ Zwick},
     TITLE = {Outward rotations: a tool for rounding solutions of
              semidefinite programming relaxations, with applications to
              {\SC{MAX CUT}} and other problems},
 BOOKTITLE = {Proceedings of the 31st Annual ACM Symposium on 
                    Theory of Computing (STOC)},
     PAGES = {679--687},
      YEAR = {1999},
}

