@InProceedings{hershberger-focs-2002,
  author = 	 {John Hershberger and Subhash Suri},
  title = 	 {Erratum to "Vickrey Prices and Shortest Paths: What is an Edge Worth?"},
  booktitle = {Proceedings of the 43rd IEEE symposium on Foundations of Computer Science},
  pages = 	 809,
  year = 	 2002}


@InProceedings{hershberger-focs-2001,
  author = 	 {John Hershberger and Subhash Suri},
  title = 	 {Vickrey Prices and Shortest Paths: What is an Edge Worth?},
  booktitle = {Proceedings of the 42nd IEEE symposium on Foundations of Computer Science},
  pages = 	 {252--259},
  year = 	 2001}

@Article{bellman,
  author = 	 {Richard Ernest Bellman},
  title = 	 {On a routing problem},
  journal = 	 {Quartely of Applied Mathematics},
  year = 	 1958,
  volume = 	 16,
  pages = 	 {87--90}}

@TechReport{ford,
  author = 	 {Lester Randolph Ford},
  title = 	 {Network flow theory},
  institution =  {RAND Corporation},
  year = 	 1956,
  number = 	 {Paper P-923},
  address = 	 {Santa Monica, California}}

@Article{bellmankalaba,
  author = 	 {R. Bellman and R. Kalaba},
  title = 	 {On $k$th best policies},
  journal = 	 {Journal of SIAM},
  year = 	 1960,
  volume = 	 8,
  number = 	 4,
  pages = 	 {582--588},
  month = 	 {December}}

@TechReport{sakarovitch,
  author = 	 {M.~Sakarovitch},
  title = 	 {The $k$ shortest routes and the $k$ shortest chains in a graph},
  institution =  {Operations Research Center, University of California, Berkeley},
  year = 	 1966,
  number = 	 {Report ORC-32},
  month = 	 {October}}

@Article{clarke,
  author = 	 {S.~Clarke and A.~Krikorian and J.~Rausan},
  title = 	 {Computing the $N$ best loopless paths in a network},
  journal = 	 {Journal of SIAM},
  year = 	 1963,
  volume = 	 11,
  number = 	 4,
  pages = 	 {1096--1102},
  month = 	 {December}}

@TechReport{bock,
  author = 	 {F.~Bock and H.~Kantner and J.~Haynes},
  title = 	 {An algorithm ({T}he $r$th best path algorithm) for finding and ranking paths through a network},
  institution =  {Armour Research Foundation},
  year = 	 1957,
  address = 	 {Chicago},
  month = 	 {November}}

@Article{pollack,
  author = 	 {M. Pollack},
  title = 	 {The $k$th best route through a network},
  journal = 	 {Operations Research},
  year = 	 1961,
  volume = 	 9,
  number = 	 4,
  pages = 	 578}

@Article{hoffmanpavley,
  author = 	 {W. Hoffman and R. Pavley},
  title = 	 {A method for the solution of the $N$th best problem},
  journal = 	 {Journal of the ACM},
  year = 	 1959,
  volume = 	 6,
  number = 	 4,
  pages = 	 {506--514},
  month = 	 {October}}

@Article{hershberger-acm-2007,
  author = 	 {John Hershberger and Subhash Suri and Amit Bhosle},
  title = 	 {On the Difficulty of some shortest path problem},
  journal = 	 {ACM Trasactions on Algorithms},
  year = 	 2007,
  volume = 	 3,
  number = 	 1,
  pages = 	 {Article 5},
  month = 	 {February},
  note = 	 {textttt{http://doi.acm.org/10.1145/1219944.1219951}}}

@Unpublished{eppstein-kssp,
  author = 	 {David Eppstein},
  title = 	 {Finding the $k$ Smallest Spanning Trees},
  note = 	 {\\ textttt{http://www.ics.uci.edu/\~\null eppstein/pubs/Epp-BIT-92.pdf}}}

@InProceedings{jimenez,
  author = 	 {Víctor M. Jim\'enez and Andr\'es Marzal},
  title = 	 {A Lazy Version of {E}ppstein's {K} Shortest Paths Algorithm},
  booktitle = {2nd International Workshop on Experimental and Efficient Algoritms (WEA)},
  pages = 	 {179--190},
  year = 	 2003,
  editor = 	 {Springer},
  volume = 	 2647,
  series = 	 {Lecture Notes in Computer Science}}

@InProceedings{fox-1975,
  author = 	 {Bennett L. Fox},
  title = 	 {$k$-th shortest paths and applications to the probabilistic networks},
  booktitle = {ORSA/TIMS Joint National Meeting},
  pages = 	 {B263},
  year = 	 1975,
  volume = 	 23}

@MastersThesis{shigueo,
  author = 	 {Shigueo Isotani},
  title = 	 {Algoritmos para caminhos m\'{i}nimos},
  school = 	 {Instituto de Matem\'{a}tica e Estat\'{i}stica},
  year = 	 2002}

@Article{eleni:n-34-88,
  author = 	 {Eleni Hadjiconstantinou and Nicos Christofides},
  title = 	 {An efficient implementation of an algorithm for finding 
                  $K$ shortest simple paths},
  journal = 	 {Networks},
  year = 	 1999,
  volume =	 34,
  number =	 2,
  pages =	 {88--101},
  month =	 {September}
}

@Article{marchetti:n-16-149,
  author = 	 {Alberto Marchetti-Spaccamela and Umberto Nanni},
  title = 	 {Fully Dynamic Algorithms for Maintaining Shortest Path Trees},
  journal = 	 {Journal of Algorithms},
  year = 	 2000,
  volume =	 34,
  pages =	 {251--281}
}


@Article{perko:n-16-149,
  author = 	 {A. Perko},
  title = 	 {Implementation of algorithms for $K$ shortest loopless paths},
  journal = 	 {Networks},
  year = 	 1986,
  volume =	 16,
  pages =	 {149--160}
}


@TechReport{martins:relatorio,
  author = 	 {Ernesto Martins and Marta Pascoal and Jos\'{e}  Santos},
  title = 	 {A New Algorithm for Ranking Loopless Paths},
  institution =  {Universidade de Coimbra},
  year = 	 1997,
  month =	 {May},
  annote =	 {Ernesto Q. Vieira Martins, Marta Margarida B. Pascoal and José Luis E. Santos}
}

@Article{martins:qjbfiors-1-121,
  author = 	 {Ernesto Martins and Marta Pascoal},
  title = 	 {A New Implementation Of {Y}en's Ranking Loopless Paths Algorithm},
  journal = 	 {4OR Quart. J. Belgian, French, Italian Oper. Res. Soc.},
  year = 	 2003,
  volume =	 1,
  number =	 2,
  pages =	 {121--134},
  annote =	 {Ernesto de Queiros Vieira Martins and Marta Margarida Braz Pascoal}}
}

@InProceedings{brander:370,
  author = 	 {A.W. Brander and Mark C. Sinclair},
  title = 	 {A Comparative Study of $k$-Shortest Path Algorithms},
  booktitle =	 {11th UK Performance Engineering Workshop for Computer and Telecommunications Systems},
  pages =	 {370-379},
  year =	 1995
}


@InProceedings{hershberger:alenex,
  author = 	 {John Hershberger and Matthew Maxel and Subhash Suri},
  title = 	 {Finding the $k$ shortest simple paths: A new algorithm and its implementation},
  booktitle = {Proceedings of the Fifth Workshop on Algorithm Engineering and Experiments (ALENEX)},
  pages = 	 {11-14},
  year = 	 2003,
  address = 	 {Baltimore}}

@Article{hershberger:acmta-3-??,
  author = 	 {John Hershberger and Matthew Maxel and Subhash Suri},
  title = 	 {Finding the $k$ Shortest Simple Paths: A New Algorithm and its Implementation}, 
  journal = 	 {ACM Transactions on Algorithms },
  year = 	 2007,
  volume =	 3,
  number =	 4,
  month =	 {November},
  pages =        {Article 45},
  note =	 {\texttt{http://doi.acm.org/10.1145/1290672.1290682}},
  bibsource = {DBLP, http://dblp.uni-trier.de}

}

@Article{thorup:ram-2000,
  author =       {M.~Thorup},
  title =        {On {RAM} priority queues},
  volume=        {30},
  pages=         {86--109},
  journal =      {SIAM J. Comput.},
  year =         {2000}
}

@Article{katoh:n-12-411,
  author = 	 {Naoki Katoh and Toshihide Ibaraki and H. Mine},
  title = 	 {An efficient algorithm for $K$ shortest simple paths},
  journal = 	 {Networks},
  year = 	 1982,
  volume =	 12,
  number =	 4,
  pages =	 {411-427}
}

@Article{lawler:ms-18-401,
  author = 	 {Eugene L. Lawler},
  title = 	 {A procedure for computing the $k$ best solutions to discrete optimization problems and its application to the shortest path problem},
  journal = 	 {Management Science},
  year = 	 1972,
  volume =	 18,
  number =	 7,
  pages =	 {401--405}
}



@Article{nardelli:a-35-56,
  author = 	 {Enrico Nardelli and Guido Proietti and Peter Widmayer},
  title = 	 {Swapping a Falling Edge of a Single Source Shortest Paths Tree Is Good and Fast},
  journal = 	 {Algorithmica},
  year = 	 2003,
  volume =	 35,
  pages =	 {56--74}
}


@Article{eppstein:siamjc-28-652,
  author = 	 {David Eppstein},
  title = 	 {Finding the $k$ shortest paths},
  journal = 	 {SIAM Jounal on Computing},
  year = 	 1998,
  volume =	 28,
  number =	 2,
  pages =	 {652--673}
}


@Article{yen:ms-17-712,
  author = 	 {Jin Y. Yen},
  title = 	 {Finding the $K$ shortest loopless paths in a network},
  journal = 	 {Management Science},
  year = 	 1971,
  volume =	 17,
  number =	 11,
  pages =	 {712--716},
  month =	 {July}
}



@InProceedings{yen:1972,
  author = 	 {Jin Y. Yen},
  title = 	 {Another algorithm for finding the $K$ shortest loopless network path },
  booktitle = {Proceedings of the 41st Meeting of the Operations Research Society of America},
  year = 	 1972,
  volume = 	 20}

@Book{cook:co-1998,
  author =	 {William J.~Cook and William H.~Cunningham and Willian R.~Pulleyblank and Alexander Schrijver},
  title = 	 {Combinatorial Otimization},
  publisher = 	 {John Wiley \& Son's},
  year = 	 1998,
  series =	 {Wiley-Interscience series in discrete mathematics and optimization},
  address =	 {New York}
}


@Book{schrijver:tilp-1986,
  author =	 {Alexandre Schrijver},
  title = 	 {Theory of Integer and Linear Programming},
  publisher = 	 {John Wiley \& Son's},
  year = 	 1986,
  address =	 {New York}
}

@Book{schrijver:cope-2003,
  author =	 {Alexander Schrijver},
  title = 	 {Combinatorial Optimization: Polyhedra and Efficiency},
  publisher = 	 {Springer},
  year = 	 2003,
  volume =	 24,
  series =	 {Algorithms and Combinatorics}
}




@Article{karger-1993,
  author = 	 {David R. Karger and Daphne Koller and Steven J. Phillips},
  title = 	 {Finding the hidden path: Time bound for all-pairs shortest path},
  journal = 	 {SIAM Journal on Computing},
  year = 	 1993,
  volume = 	 22,
  pages = 	 {1199--1217}}

@Article{dijkstra59:note,
  author = 	 {Edsger Wybe Dijkstra},
  title = 	 {A Note on Two Problems in Connection with Graphs},
  journal= 	 {Numerische Mathematik},
  volume=        {1},
  pages=         {269--271},
  year = 	 {1959}
}

@Article{thorup:sssp-1999,
  author = 	 {Mikkel Thorup},
  title = 	 {Undirect Single Source Shortest Paths with Positive Integer Weights in Linear Time},
  volume=        {46},
  pages=         {362--394},
  journal = 	 {Journal of the ACM},
  year = 	 {1999}
}

@Article{FredTarjan:Fibonacci,
  author = 	 {Michael L. Fredman and Robert Endre Tarjan},
  title = 	 {Fibonacci heap and their uses in improved network optimization algorithms},
  volume=        {34},
  pages=         {596--615},
  journal = 	 {Journal of the ACM},
  year = 	 {1987}
}

@Article{ahuja:radixheap,
  author = 	 {Ravindra K.~Ahuja and Kurt Mehlhorn and J.B.~Orlin and R.E.~Tarjan},
  title = 	 {Faster Algorithms for the Shortest Path Problem},
  volume=        {37},
  pages=         {213--223},
  journal = 	 {Journal of the ACM},
  year = 	 {1990}
}


@InCollection{ahuja:applications,
  author = 	 {Ravindra K.~Ahuja and  T.L.~Magnanti and J.~Orlin and M.R.~Reddy},
  title = 	 {Applications of network optimization},
  booktitle = 	 {Handbook in Operations Research and Management
                              Sciences},
  pages =	 {1--83},
  publisher =	 {North-Holland},
  year =	 {1995},
  editor =	 {M.O.~Ball and T.L.~Magnanti and C.L.~Monma},
  volume =	 {7},
  Address =	 {Amsterdam,}
}

@article{boris:buckets,
  author = 	 {Boris V. Cherkassky and Andrew V. Goldberg and Craig Silverstein},
  title = 	 {Buckets, Heaps, Lists and Monotone Priority Queues},
  volume=        28,
  pages=         {1326--1346},
  journal = 	 {SIAM J. Comput.},
  year = 	 1999
}


@Book{tarjan:data,
  author =	 {Robert Endre Tarjan},
  title = 	 {Data structures and network algorithms},
  publisher = 	 {SIAM},
  year = 	 1983,
  series =	 {BMS-NSF Regional Conference Series in Applied Mathematics},
  address =	 {Philadelphia, PA}
}


@Book{clr:introalg-1999,
  author =	 {Thomas H. Cormen and Charles E. Leiserson and Ronald L. Rivest},
  title = 	 {Introduction to Algorithms},
  publisher = 	 {McGraw-Hill},
  year = 	 {1999}
}


@Book{clrs:introalg-2001,
  author =	 {Thomas H. Cormen and Charles E. Leiserson and 
                  Ronald L. Rivest and Clifford Stein},
  title = 	 {Introduction to Algorithms},
  publisher = 	 {The MIT Press and McGraw-Hill},
  year = 	 {2001},
  edition =	 {2nd.}
}

@Book{ahuja:netflows,
  author =	 {Ravindra K.~Ahuja and Thomas L.~Magnanti and James B.~Orlin},
  title = 	 {Network Flows: Theory, Algorithms, and Applications},
  publisher = 	 {Practice Hall},
  year =         {1993}
}

@Book{pf:proglin,
  author =	 {Paulo Feofiloff},
  title = 	 {Algoritmos de Programação Linear},
  publisher = 	 {Addison-Wesley},
  year =         {2000}
}

@Book{erick:patterns,
  author =	 {Erich Gamma and Richard Helm and Ralph Johnson and John Vlissides},
  title = 	 {Design Patterns: Elements of Reusable Object-Oriented Software},
  publisher = 	 {EDUSP},
  year =         {1995}
}

@Unpublished{pf:aula,
  author =       {Paulo Feofiloff},
  title =        {Notas de aula de {MAC5781} Otimização Combinatória},
  note =         {\\ \texttt{"http://www.ime.usp.br/\~\null pf/"}},
  month =        {},
  year =         {1997}
} 


@Book{knuth:literate,
  author =	 {Donald E.~Knuth},
  editor =	 {Cambridge University},
  title = 	 {Literate Programming},
  publisher = 	 {Center for the study of Language and Information {(CSLI)}},
  year = 	 {1992}
}

@Book{knuth:cweb,
  author =	 {Donald E.~Knuth and S.~Levy},
  title = 	 {{The CWEB System of Structured Documentation}},
  publisher = 	 {Addison-Wesley},
  year = 	 {1994}
}

@InCollection{dinitz:1978,
  author = {E.A.~Dinic},
  title = {Finding Shortest Paths in a network},
  booktitle = {In Y. Popkov and B. Shmulyian Eds.},
  publisher = {Transportation Modeling Systems},
  pages = {36--44},
  address = {Institute for System Studies, Moscow},
  year = {1978}
}

@InProceedings{boris:experimental,
  author = {Boris V.~Cherkassky and Andrew V.~Goldberg and Tomasz Radzik},
  title = {Shortest Paths Algorithms: Theory and Experimental Evaluation},
  booktitle = "{{SODA}: {ACM}-{SIAM} Symposium on Discrete Algorithms(A Conference on Theoretical and Experimental Analysis of Discrete Algorithms)}",
  year =         {1994},
  url = {"citeseer.nj.nec.com/cherkassky93shortest.html"}
}

@InProceedings{spira:onfinding,
  author = 	 {P.M.~Spira and A.~Pan},
  title = 	 {On finding an updating shortest paths and spanning trees},
  booktitle =	 {Proc. Symp. Switching and Automata Theory},
  pages =	 {82--84},
  year =	 1973
}

@InProceedings{thorup:ospf,
  author = "{B.~Fortz and M.~Thorup}",
  title = "{Internet Traffic Engineering by Optimizing {OSPF} Weights}",
  booktitle = "{INFOCOM (2)}",
  year = "{2000}",
  pages = "{519--528}",
  url = {"citeseer.nj.nec.com/fortz00internet.html"}
}

@InProceedings{rahman:experimental,
  author = {N.~Rahman and R.~Raman},
  title = {An experimental study of word-level parallelism in some
sorting algorithms},
  booktitle = {Proceedings WAE},
  year = {1998},
  pages = {193--203},
  url = {"citeseer.nj.nec.com/rahman98experimental.html"}
}

@InProccedings{petti2001:computing,
  author = {S.~Pettie and V.~Ramachandran},
  title = {Computing Undirected Shortest Paths with Comparations and
             Additions},
  booktitle = "{Proceedings of the 13th Annual {ACM-SIAM} Symposium on Discrete Algorithms (SODA'02) }",
  publisher = {SIAM},
  pages = {??--??},
  year =  {2002}
}
 
@manual{cisco:ospf,
 author ={S.~Halabi},
 title= {{OSPF} Design Guide},
 month ={April},
 year = {1996},
 note = {\\ \texttt{http://www.cisco.com/warp/public/104/1.html}}
}

@manual{asm:language,
 author ={P.A.~Carter},
 title= {{PC} Assembly Language},
 month ={September},
 year = {2001},
 note = {\\ \texttt{http://www.drpaulcarter.com/pcasm}}
}

@manual{sun:floatingpoint,
  author = {Sun Microsystems},
  title = {{Sun Numerical Computation Guide}},
  year = {1999},
  note =  {\\ \texttt{"http://www.arlut.utexas.edu/SunCompiler/common"}}
}

@manual{asm:linux,
  title = {{Using Assembly Language in Linux}},
  note =  {\\ \texttt{"http://linuxassembly.org/linasm.html"}}
}

@manual{asm:gcc,
  author = {R.~Miyagi},
  title = {{Introduction to GCC Inline Asm}},
  note =  {\\ \texttt{"http://linuxassembly.org/rmiyagi-inline-asm.txt"}}
}

@manual{jung:pajek,
  author = {Vladimir Batagelj},
  title = {{Networks / Pajek}},
  note =  {\\ \texttt{"http://vlado.fmf.uni-lj.si/pub/networks/pajek/"}}
}

@Unpublished{pf:fluxos,
  author = 	 {Paulo Feofiloff},
  title = 	 {Fluxo em Redes},   
  note = 	 {\\ \texttt{"http://www.ime.usp.br/\~\null pf/flows/"}},
  month =	 {},
  year =	 {2003}
} 

@Article{johnson:heap,
  author = 	 {Donald B.~Johnson},
  title = 	 {Efficient algorithms for shortest paths in sparse networks},
  journal = 	 {J. {ACM}},
  year = 	 1977,
  volume =	 24,
  pages =	 {1--13}
}


@InProccedings{petti:computing,
  author = {S.~Pettie and V.~Ramachandran},
  title = {Computing Undirected Shortest Paths with Comparations and Additions},
  booktitle = {Proceedings of the 13th Annual {SODA}: {ACM-SIAM} Symposium on Discrete Algorithms},
 pages = {??--??}, 
 year =  2002
}

@Article{fredman:mst,
  author = 	 {Michael L. Fredman and Dan E. Willard},
  title = 	 {Trans-dichotomous algorithms for minimum spanning trees and shortest paths},
  journal = 	 {J. Comput. System Sci.},
  year = 	 1994,
  volume =	 48,
  pages =	 {533--551}
}

@TechReport{goldberg:buckets,
  author = 	 {A.V.~Goldberg and C.~Silverstein},
  title = 	 {Implementation of {D}ijkstra's Algorithm Based on Multi-Level Buckets},
  institution =  {{NEC} Research Institute, Princeton, NJ},
  year = 	 1995
}


@InProceedings{pettie:experimental,
  author = 	 {S.~Pettie and V.~Ramachandran and S.~Sridhar},
  title = 	 {Experimental evaluation of a new shortest path algorithm},
  booktitle = 	 {4th Workshop on Algorithm Engineering and Experiments 
                  {(ALENEX'02)}},
  pages =	 {??--??},
  year =	 2002
}

@InProceedings{johnson:guide,
  author = 	 {David S.~Johnson},
  title = 	 {A Theoretician's Guide to the Experimental Analysis of Algorithms},
  booktitle = 	 {To appear in Proceedings of the 5th and 6th {DIMACS} Implementation Challenges},
  year =	 2002
}


@Article{andersson:sorting,
  author = 	 {A.~Andersson and T.~Hagerup and S.~Nilsson and R.~Raman},
  title = 	 {Sorting in linear time?},
  journal = 	 {J. Comput. System Sci.},
  year = 	 1998,
  volume =	 57,
  pages =	 {74--93}
}

@Article{gabow:setunion,
  author = 	 {H.N.~Gabow},
  title = 	 {A linear-time algorithm for a special case of disjoint set union},
  journal = 	 {J. Comput. System Sci.},
  year = 	 1985,
  volume =	 30,
  pages =	 {209--221}
}

@Article{gabow:split,
  author = 	 {H.N.~Gabow},
  title = 	 {A scaling algorithm for weighted matching on general graphs},
  journal = 	 {$26^th$ {FOCS}},
  year = 	 1985,
  pages =	 {90--100}
}

@Article{hagerup:sssp,
  author = 	 {T.~Hagerup},
  title = 	 {Improved shortest path on the word RAM},
  journal = 	 {Proceeding of the $27^{th}$ International Colloquium on Automata, Languages and Programming},
  year = 	 2000,
  pages =	 {61--72}
}
