@article{Aho:1975,
 title = {{Efficient String Matching: an Aid to Bibliographic Search}},
 address = {New York, NY, USA},
 author = {Aho, Alfred V. and Corasick, Margaret J.},
 doi = {10.1145/360825.360855},
 issn = {0001-0782},
 journal = {Communications of the ACM},
 keywords = {ac, method, search, text},
 month = {June},
 number = {6},
 pages = {333--340},
 posted-at = {2010-05-29 12:56:43},
 priority = {2},
 publisher = {ACM},
 url = {http://dx.doi.org/10.1145/360825.360855},
 volume = {18},
 year = {1975}
}

@book{Cormen:2001,
 author = {Cormen, Thomas H. and Leiserson, Charles E. and Rivest, Ronald L. and Stein, Clifford},
 title = {{Introduction to Algorithms}},
 day = {1},
 edition = {Second},
 howpublished = {Hardcover},
 isbn = {0072970545},
 keywords = {books, cormen, introduction-to-algorithms, reference},
 month = {September},
 posted-at = {2008-06-03 22:56:45},
 priority = {2},
 publisher = {McGraw-Hill Science},
 url = {http://www.worldcat.org/isbn/0072970545},
 year = {2001}
}

@Article{Villeneuve:2005,
 author =  {Daniel Villeneuve and Guy Desaulniers},
 title =   {The Shortest Path Problem with Forbidden Paths},
 journal = {European Journal of Operational Research},
 year =    {2005},
 volume =  {165},
 number =  {1},
 pages =   {97-107},
 issn = {0377-2217},
 doi = {DOI: 10.1016/j.ejor.2004.01.032}
}

@article{Szeider:2003,
 author = {Szeider, Stefan},
 title = {Finding Paths in Graphs Avoiding Forbidden Transitions},
 journal = {Discrete Applied Mathematics},
 volume = {126},
 number = {2-3},
 month = {March},
 year = {2003},
 issn = {0166-218X},
 pages = {261--273},
 numpages = {13},
 url = {http://portal.acm.org/citation.cfm?id=639281.639288},
 doi = {10.1016/S0166-218X(02)00251-2},
 acmid = {639288},
 publisher = {Elsevier Science Publishers B. V.},
 address = {Amsterdam, The Netherlands, The Netherlands},
 keywords = {NP-Completeness, compatible path, edge-colored graph, forbidden pairs, linear time algorithm, transition},
} 

@Article{Martins:1984,
 author =  {Ernesto Queiros Vieira Martins},
 title =   {An Algorithm for Ranking Paths that May Contain Cycles},
 journal = {European Journal of Operational Research},
 year =    {1984},
 month =   {October},
 volume =  {18},
 number =  {1},
 pages =   {123-130}
}

@InProceedings{Ahmed:2009,
  author = {Mustaq Ahmed and Anna Lubiw},
  title = {Shortest Paths Avoiding Forbidden Subpaths},
  booktitle = {26th International Symposium on Theoretical Aspects of Computer Science (STACS 2009)},
  pages = {63--74},
  series = {Leibniz International Proceedings in Informatics (LIPIcs)},
  ISBN = {978-3-939897-09-05},
  ISSN = {1868-8969},
  year = {2009},
  volume = {3},
  editor = {Susanne Albers and Jean-Yves Marion},
  publisher = {Schloss Dagstuhl--Leibniz-Zentrum fuer Informatik},
  address = {Dagstuhl, Germany},
  URL =  {http://drops.dagstuhl.de/opus/volltexte/2009/1831},
  URN =  {urn:nbn:de:0030-drops-18318},
  doi =  {http://dx.doi.org/10.4230/LIPIcs.STACS.2009.1831},
  annote = {Keywords: Algorithms and data structures, Graph algorithms, Optical networks}
}


@Book{West:2001,
 author =    {Douglas Brent West},
 title =     {Introduction to Graph Theory},
 publisher = {Prentice Hall},
 howpublished = {Hardcover},
 year =      {2001},
 edition =   {Second}
}

@Mastersthesis {Walid:2008,
 author =  {Walid Abdala Rfaei Jradi},
 title =   {Uma Arquitetura de Software Interativo para Apoio à  Decisão na Modelagem e Análise do Tráfego Urbano},
 school =  {Instituto de Informática -- Universidade Federal de Goiás},
 year =    {2008},
 month =   {December}
}

@Misc{Hugo:2008,
 author =  {Hugo Alexandre Dantas do Nascimento},
 title =   {Produção informal},
 year =    {2008}
}

@Mastersthesis {Shima:2006,
 author =  {Ricardo Boveto Shima},
 title =   {Caminhos Mínimos Sob Restrições: Uma Revisão e Aplicações},
 school =  {Universidade Federal de Santa Catarina},
 year =    {2006},
 month =   {June}
}

@Article{Kjerrstrom:2001,
 author =  {Jens Kjerrström},
 title =   {The Resource Constrained Shortest Path Problem},
 journal = {Resources},
 year =    {2001},
 month =   {June}
}

@Phdthesis {Ziegelmann:2001,
 author =  {Mark Ziegelmann},
 title =   {Constrained Shortest Paths and Related Problems},
 school =  {Universit{\"a}t des Saarlandes},
 year =    {2001},
 month =   {July}
}

@article{Dror:1994,
 author = {Dror, Moshe},
 title = {{Note on the Complexity of the Shortest Path Models for Column Generation in VRPTW}},
 journal = {Operations Research},
 volume = {42},
 number = {5},
 pages = {977-978},
 doi = {10.1287/opre.42.5.977},
 year = {1994},
 URL = {http://or.journal.informs.org/cgi/content/abstract/42/5/977},
 eprint = {http://or.journal.informs.org/cgi/reprint/42/5/977.pdf}
}

@Mastersthesis {Pecin:2010,
author =  {Diego Galindo Pecin},
title =   {Uso de Rotas Elementares no CVRP},
school =  {Universidade Federal de Goiás},
year =    {2010}
}


@article{Dijkstra:1959,
 author =    {Edsger Wybe Dijkstra},
 affiliation = {Mathematisch Centrum 2e Boerhaavestraat 49 Amsterdam-O},
 title =     {A Note on Two Problems in Connexion with Graphs},
 journal =   {Numerische Mathematik},
 publisher = {Springer Berlin / Heidelberg},
 volume =    {1},
 number =    {1},
 pages =     {269-271},
 month =     {December},
 year =      {1959}
}
 
@article{Kolman:2009,
 author = {Petr Kolman and Ondrej Pangrác},
 title = {{On the Complexity of Paths Avoiding Forbidden Pairs}},
 journal = {Discrete Applied Mathematics},
 publisher = {Elsevier Science Publishers B. V.},
 address = {Amsterdam, The Netherlands, The Netherlands},
 volume = {157},
 number = {13},
 pages = {2871-2876},
 numpages = {6},
 year = {2009},
 month = {July},
 doi = {10.1016/j.dam.2009.03.018}
}

@article{Gabow:1976,
 author = {Harold Neil Gabow and Shachindra Nath Maheshwari and L. J. Osterweil},
 title = {On Two Problems in the Generation of Program Test Paths},
 journal = {IEEE Transactions on Software Engineering},
 volume = {2},
 number = {3},
 year = {1976},
 month = {May},
 issn = {0098-5589},
 pages = {227--231},
 numpages = {5},
 doi = {http://dx.doi.org/10.1109/TSE.1976.233819},
 publisher = {IEEE Press},
 address = {Piscataway, NJ, USA},
 address = {Piscataway, NJ, USA},
}

@INPROCEEDINGS{Machado:2002,
 author = {Penousal Machado and Jorge Tavares and Francisco B. Pereira and Ernesto Costa},
 title = {Vehicle Routing Problem: Doing it the Evolutionary Way},
 booktitle = {Proceedings of the Genetic and Evolutionary Computation Conference},
 series = {GECCO 2002},
 year = {2002},
 pages = {690},
 publisher = {Morgan Kaufmann Publishers Inc.},
 address = {San Francisco, CA, USA}
}

@Misc{detal:10,
 author =  {Leslie Richard Foulds},
 title =   {Produção informal},
 year =    {2010}
}

@book{Garey:1979,
 author = {Garey, Michael R. and Johnson, David S.},
 title = {Computers and Intractability: A Guide to the Theory of NP-Completeness},
 year = {1979},
 isbn = {0716710447},
 publisher = {W. H. Freeman \& Company},
 address = {New York, NY, USA},
}

@Incollection{Uehara:2005,
 author = {Ryuhei Uehara and Yushi Uno},
 title = {Efficient Algorithms for the Longest Path Problem},
 booktitle = {Algorithms and Computation},
 series = {Lecture Notes in Computer Science},
 editor = {Rudolf Fleischer and Gerhard Trippen},
 publisher = {Springer Berlin/Heidelberg},
 pages = {1547--1553},
 volume = {3341},
 year = {2005}
}

@techreport{Ford:1956,
 TITLE = {Network Flow Theory},
 AUTHOR = {Ford Jr., Lester Randolph},
 INSTITUTION = {The RAND Corperation, Santa Monica, California},
 NUMBER = {P-923},
 MONTH = {August},
 TYPE = {Paper},
 YEAR = {1956}
}

@article{Bellman:1958,
 AUTHOR = {Richard Bellman},
 TITLE = {On a Routing Problem},
 JOURNAL = {Quarterly of Applied Mathematics},
 VOLUME = {16},
 NUMBER = {1},
 YEAR = {1958},
 PAGES = {87--90}
}

@article{Floyd:1962,
 author = {Robert W. Floyd},
 title = {Algorithm 97: Shortest path},
 journal = {Communications of the ACM},
 volume = {5},
 number = {6},
 month = {June},
 year = {1962},
 issn = {0001-0782},
 pages = {345},
 url = {http://doi.acm.org/10.1145/367766.368168},
 doi = {http://doi.acm.org/10.1145/367766.368168},
 acmid = {368168},
 publisher = {ACM},
 address = {New York, NY, USA}
}

