@Article{dijkstra59:note,
  author = 	 {E.W.~Dijkstra},
  title = 	 {A Note on Two Problems in Connection with Graphs},
  journal= 	 {Numerische Mathematik},
  volume=        1,
  pages=         {269--271},
  year = 	 1959
}



@Article{johnson:heap,
  author = 	 {D.B.~Johnson},
  title = 	 {Efficient algorithms for shortest paths in sparse networks},
  journal = 	 {J. {ACM}},
  year = 	 1977,
  volume =	 24,
  pages =	 {1--13}
}



@Article{wagner:buckets,
  author = 	 {R.A.~Wagner},
  title = 	 {A shortest path algorithm for edge-sparse graphs},
  journal = 	 {J. {ACM}},
  year = 	 1976,
  volume =	 23,
  pages =	 {50--57}
}


@Article{dial:buckets,
  author = 	 {R.~Dial},
  title = 	 {Algorithm 360: Shortest path forest with topological ordering},
  journal = 	 {Communications of the {ACM}},
  year = 	 1969,
  volume =	 12,
  pages =	 {632--633}
}


@Article{hagerup:sssp,
  author = 	 {T.~Hagerup},
  title = 	 {Improved shortest path on the word RAM},
  journal = 	 {Proceeding of the 27th International Colloquium on Automata, Languages and Programming},
  year = 	 2000,
  pages =	 {61--72}
}

@Article{thorup:sssp-1999,
  author = 	 {M.~Thorup},
  title = 	 {Undirect Single Source Shortest Paths with Positive Integer Weights
                   in Linear Time},
  volume=        {46},
  pages=         {362--394},
  journal = 	 {J. {ACM}},
  year = 	 {1999}
}


@Article{andersson:sorting,
  author = 	 {A.~Andersson and T.~Hagerup and S.~Nilsson and R.~Raman},
  title = 	 {Sorting in linear time?},
  journal = 	 {J. Comput. System Sci.},
  year = 	 1998,
  volume =	 57,
  pages =	 {74--93}
}

@Article{thorup:ram-2000,
  author =       {M.~Thorup},
  title =        {On {RAM} priority queues},
  volume=        {30},
  pages=         {86--109},
  journal =      {SIAM J. Comput.},
  year =         {2000}
}

@Article{FredTarjan:Fibonacci,
  author = 	 {M.L.~Fredman and R.E.~Tarjan},
  title = 	 {Fibonacci heaps and their uses in improved network optimization algorithms},
  volume=        {34},
  pages=         {596--615},
  journal = 	 {J. {ACM}},
  year = 	 {1987}
}

@Article{ahuja:radixheap,
  author = 	 {R.K.~Ahuja and K.~Mehlhorn and J.B.~Orlin and R.E.~Tarjan},
  title = 	 {Faster Algorithms for the Shortest Path Problem},
  volume=        {37},
  pages=         {213--223},
  journal = 	 {J. {ACM}},
  year = 	 {1990}
}


@Article{fredman:mst,
  author = 	 {M.L.~Fredman and D.E.~Willard},
  title = 	 {Trans-dichotomous algorithms for minimum spanning trees and shortest paths},
  journal = 	 {J. Comput. System Sci.},
  year = 	 1994,
  volume =	 48,
  pages =	 {533--551}
}


@Article{fredman:fusiontrees,
  author = 	 {M.L.~Fredman and D.E.~Willard},
  title = 	 {Surpassing the information Theoretic Bound with fusion trees},
  journal = 	 {J. Comput. System Sci.},
  year = 	 1993,
  volume =	 47,
  pages =	 {424--436}
}


@Article{gabow:setunion,
  author = 	 {H.N.~Gabow},
  title = 	 {A linear-time algorithm for a special case of disjoint set union},
  journal = 	 {J. Comput. System Sci.},
  year = 	 1985,
  volume =	 30,
  pages =	 {209--221}
}

@Article{andersson:ac0fusiontrees,
  author = 	 {A.~Andersson and P.B.~Miltersen and M.~Thorup},
  title = 	 {Fusion trees can be implemented with {$\mbox{AC}^0$} instructions only},
  journal = 	 {Theoretical Computer Science},
  year = 	 1999,
  volume =	 215,
  pages =	 {337--344}
}

@Article{raman:1997,
  author = 	 {R.~Raman},
  title = 	 {Recent results on the single-source shortes paths problem},
  journal = 	 {{SIGACT} News},
  year = 	 1997,
  volume =	 28,
  pages =	 {81--87}
}


@Article{prim:mst,
  author = 	 {R.C.~Prim},
  title = 	 {Shortest connection networks and some generalizations},
  journal = 	 {Bell System Technical Journal},
  year = 	 1957,
  volume =	 36,
  pages =	 {1389--1401}
}


@Article{zwick:survey,
  author = 	 {U.~Zwick},
  title = 	 {Exact and Approximate Distances in Graphs - A survey },
  journal = 	 {Proceedings of 9th {ESA}},
  year = 	 2001,
  pages =	 {33-48}
}

@Article{gabow:split,
  author = 	 {H.N.~Gabow},
  title = 	 {A scaling algorithm for weighted matching on general graphs},
  journal = 	 {26th {FOCS}},
  year = 	 1985,
  pages =	 {90--100}
}

@InCollection{ahuja:applications,
  author = 	 {R.K.~Ahuja and  T.L.~Magnanti and J.~Orlin and M.R.~Reddy},
  title = 	 {Applications of network optimization},
  booktitle = 	 {Handbook in Operations Research and Management
                              Sciences},
  pages =	 {1--83},
  publisher =	 {North-Holland},
  year =	 {1995},
  editor =	 {M.O.~Ball and T.L.~Magnanti and C.L.~Monma},
  volume =	 {7},
  Address =	 {Amsterdam,}
}

@article{boris:buckets,
  author = 	 {B.V.~Cherkassky and A.V.~Goldberg and C.~Silverstein},
  title = 	 {Buckets, Heaps, Lists and Monotone Priority Queues},
  volume=        28,
  pages=         {1326--1346},
  journal = 	 {SIAM J. Comput.},
  year = 	 1999
}



@manual{sch:comb,
  author =	 {A.~Schrijver},
  title = 	 {Combinatorial Optimization - Polyhedra and Efficiency (forthcoming book) {Part I}}
}

@Book{tarjan:data,
  author =	 {R.E.~Tarjan},
  title = 	 {Data structures and network algorithms},
  publisher = 	 {SIAM},
  year = 	 1983,
  series =	 {BMS-NSF Regional Conference Series in Applied Mathematics},
  address =	 {Philadelphia, PA}
}

@Book{clr:introalg-1999,
  author =	 {T.H.~Cormen and C.E.~Leiserson and R.L.~Rivest},
  title = 	 {Introduction to Algorithms},
  publisher = 	 {McGraw-Hill},
  year = 	 {1999}
}

@Book{clrs:introalg-2001,
  author =	 {T.H.~Cormen and C.E.~Leiserson and R.L.~Rivest and C.~Stein},
  title = 	 {Introduction to Algorithms},
  publisher = 	 {The MIT Press and McGraw-Hill},
  year = 	 {2001},
  edition =	 {2nd.}
}


@Book{ahuja:netflows,
  author =	 {R.K.~Ahuja and T.L.~Magnant and J.~Orlin},
  title = 	 {Network Flows: Theory, Algorithms, and Applications},
  publisher = 	 {Practice Hall},
  year =         {1993}
}

@Book{pf:proglin,
  author =	 {P.~Feofiloff},
  title = 	 {Algoritmos de Programação Linear},
  publisher = 	 {EDUSP},
  year =         {2000}
}


@Book{knuth:literate,
  author =	 {D.E.~Knuth},
  title = 	 {Literate Programming},
  publisher = 	 {Center for the study of Language and Information {(CSLI)}},
  year = 	 {1992}
}

@Book{knuth:cweb,
  author =	 {D.E.~Knuth and S.~Levy},
  title = 	 {{The CWEB System of Structured Documentation}},
  publisher = 	 {Addison-Wesley},
  year = 	 {1994}
}


@Book{knuth:sgb,
  author =	 {D.E.~Knuth},
  title = 	 {{The Stanford GraphBase: A plataform for combinatorial computing}},
  publisher = 	 {{ACM} Press},
  year = 	 {1993}
}

@InCollection{dinitz:1978,
  author = {E.A.~Dinic},
  title = {Finding Shortest Paths in a network},
  booktitle = {In Y. Popkov and B. Shmulyian Eds.},
  publisher = {Transportation Modeling Systems},
  pages = {36--44},
  address = {Institute for System Studies, Moscow},
  year = {1978}
}

@InProceedings{van:1977,
  author = 	 {P.~van Emde Boas},
  title = 	 {Preserving order in a forest in less than logarithmic time and linear space},
  booktitle = 	 {Inf. Proc. Lett.},
  pages =	 {80--82},
  year =	 1977,
  volume =	 6
}

@InProceedings{boris:experimental,
  author = {B.V.~Cherkassky and A.V.~Goldberg and T.~Radzik},
  title = {Shortest Paths Algorithms: Theory and Experimental Evaluation},
  booktitle = {{SODA}: {ACM}-{SIAM} Symposium on Discrete Algorithms},
  year =         {1994},
  url = {"citeseer.nj.nec.com/cherkassky93shortest.html"}
}

@InProceedings{spira:onfinding,
  author = 	 {P.M.~Spira and A.~Pan},
  title = 	 {On finding an updating shortest paths and spanning trees},
  booktitle =	 {Proc. Symp. Switching and Automata Theory},
  pages =	 {82--84},
  year =	 1973
}

@InProceedings{thorup:ospf,
  author = {B.~Fortz and M.~Thorup},
  title = {Internet Traffic Engineering by Optimizing OSPF Weights},
  booktitle = {INFOCOM (2)},
  year = {2000},
  pages = {519--528},
  url = {"citeseer.nj.nec.com/fortz00internet.html"}
}

@InProceedings{rahman:experimental,
  author = {N.~Rahman and R.~Raman},
  title = {An experimental study of word-level parallelism in some sorting algorithms},
  booktitle = {Proceedings WAE},
  year = {1998},
  pages = {193--203},
  url = {"citeseer.nj.nec.com/rahman98experimental.html"}
}

@InProceedings{petti:computing,
  author =       {S.~Pettie and V.~Ramachandran},
  title =        {Computing shortest paths with comparisons and additions},
  booktitle = {{SODA}: {ACM}-{SIAM} Symposium on Discrete Algorithms},
  month =        jan # "~6--8",
  publisher =    "SIAM",
  pages =        "267--276",
  year =         "2002"
}


@InProceedings{pettie:experimental,
  author = 	 {S.~Pettie and V.~Ramachandran and S.~Sridhar},
  title = 	 {Experimental evaluation of a new shortest path algorithm},
  booktitle = 	 {4th Workshop on Algorithm Engineering and Experiments 
                  {(ALENEX'02)}},
  pages =	 {??--??},
  year =	 2002
}

@InProceedings{johnson:guide,
  author = 	 {D.S.~Johnson},
  title = 	 {A Theoretician's Guide to the Experimental Analysis of Algorithms},
  booktitle = 	 {To appear in Proceedings of the 5th and 6th {DIMACS} Implementation Challenges},
  year =	 2002
}


@TechReport{goldberg:buckets,
  author = 	 {A.V.~Goldberg and C.~Silverstein},
  title = 	 {Implementation of {D}ijkstra's Algorithm Based on Multi-Level Buckets},
  institution =  {{NEC} Research Institute, Princeton, NJ},
  year = 	 1995
}


@manual{cisco:ospf,
 author ={S.~Halabi},
 title= {{OSPF Design Guide}},
 month ={April},
 year = {1996},
 note = {\\ \texttt{http://www.cisco.com/warp/public/104/1.html}}
}

@manual{asm:language,
 author ={P.A.~Carter},
 title= {{PC Assembly Language}},
 month ={September},
 year = {2001},
 note = {\\ \texttt{http://www.drpaulcarter.com/pcasm}}
}

@manual{sun:floatingpoint,
  author = {Sun Microsystems},
  title = {{Sun Numerical Computation Guide}},
  year = {1999},
  note =  {\\ \texttt{"http://www.arlut.utexas.edu/SunCompiler/common"}}
}

@manual{asm:linux,
  author = {Phillip},
  title = {{Using Assembly Language in Linux}},
  note =  {\\ \texttt{"http://linuxassembly.org/linasm.html"}}
}

@manual{asm:gcc,
  author = {R.~Miyagi},
  title = {{Introduction to GCC Inline Asm}},
  note =  {\\ \texttt{"http://linuxassembly.org/rmiyagi-inline-asm.txt"}}
}

@Unpublished{pf:aula,
  author = 	 {P.~Feofiloff},
  title = 	 {Notas de aula de {MAC 5781 Otimização Combinatória}},   
  note = 	 {\\ \texttt{"http://www.ime.usp.br/\~\null pf/"}},
  month =	 {},
  year =	 {1997}
} 


