@Article{BC89,
   author   = {J. E. Beasley and N. Christofides},
   journal  = {Networks},
   pages    = {379--394},
   title    = {An Algorithm for the Resource Constrained Shortest Path Problem},
   volume   = {19},
   year     = {1989}
}

@Article{HZ80,
   author   = {G. Handler and I. Zang},
   journal  = {Networks},
   pages    = {281--291},
   title    = {A Dual Algorithm fot the Constrained Shortest Path Problem},
   volume   = {10},
   year     = {1980}
}

@Book{GJ79,
   author   = {M. Garey and D. Johnson},
   title    = {Computers and Intractability: A Guide of the Theory of NP Completeness},
   year     = {1979},
   publisher= {W. H. Freeman},
   address  = {San Francisco}
}

@Article{RH92,
   author   = {Refael Hassin},
   journal  = {Mathmatics of Operations Research},
   pages    = {36--42},
   title    = {Approximation Schemes for the Restricted Shortest Path Problem},
   volume   = {17},
   year     = {1992}
}

@Article{JO66,
   author   = {H. C. Joksch},
   journal  = {Jornal of Mathematical Analysis and Applications},
   pages    = {191--197},
   title    = {The Shortest Route Problem with Constraints},
   volume   = {14},
   year     = {1966}
}

@Book{LA76,
   author   = {E. L. Lawler},
   title    = {Combinatotial Optimization: Networks and Matroids},
   publisher= {Holt, Rinehart and Winston},
   address  = {New York},
   year     = {1976}
}

@Article{AAN83,
   author   = {Y. P. Aneja},
   author   = {V. Aggarwal},
   author   = {K. P. K. Nair},
   journal  = {Networks},
   pages    = {295--302},
   title    = {Shortest Chain Subject to Sided Constraints},
   volume   = {13},
   year     = {1983}
}

@Article{HE85,
   author   = {M. Henig},
   journal  = {European J. Oper. Res.},
   pages    = {295--302},
   title    = {The Shortest Path Problem with Two Objective Functions},
   volume   = {25},
   year     = {1985}
}

@Article{KM00,
   author   = {Kurt Mehlhorn},
   author   = {Mark Ziegelmann},
   journal  = {Lectures Notes in Computer Science},
   pages    = {326--337},
   title    = {Resource Constrained Shortest Paths},
   volume   = {1879},
   year     = {1985}
}

@Article{GE74,
   author   = {A. M. Geoffrion},
   journal  = {Math Program Study},
   pages    = {82--114},
   title    = {Lagrangian Relaxation for Integer Programming},
   volume   = {2},
   year     = {1974}
}

@Article{ML78,
   author   = {M. L. Fisher},
   journal  = {Research Paper, Department of Decision Sciences},
   title    = {Lagrangian Relaxation Methods for Combinatorial Optimization},
   year     = {1978},
   address  = {Wharton School}
}



@Article{WG65,
   author   = {C. Witzgall and A. J. Goldman},
   journal  = {Paper presented at the 27th National ORSA Meeting},
   title    = {Most profitable routing before maintenance},
   volume   = {B-82},
   year     = {1965}
}

@Article{WA87,
   author   = {A. Warburton},
   journal  = {Operations Research},
   pages    = {70--79},
   title    = {Approximation of pareto-optima in multiple-objective shortest path problems},
   volume   = {35},
   year     = {1987}
}

@Article{PH93,
   author   = {C. Phillips},
   journal  = {In 25th ACM STOC},
   pages    = {776--785},
   title    = {The Network Inhibition Problem},
   year     = {1993}
}

